2604 4696
17 525 24 566 r
77 519 103 563 n
133 491 366 572 seductorum
391 512 539 572 ostenta.
588 491 677 575 Non
703 495 794 573 enirn
820 517 861 577 ut
883 497 918 570 in
940 488 1055 552 ΟΜ*

53 608 158 681 rimo
186 610 249 682 suo
276 610 495 690 adventurn
521 601 729 691 Bethlehem
754 609 1074 716 apparue-CXXV¹¹·’

17 758 28 798 r
65 747 98 812 t,
130 726 228 812 etjn
251 752 361 830 parvo
387 726 483 800 orbis
507 733 656 824 angulo,
680 757 745 809 nec
763 735 838 806 ullo
858 729 1074 807 how*

19 843 176 932 susinum
202 842 241 920 id
267 869 285 921 a
316 842 492 940 principio
518 845 667 930 sciente,
702 848 747 924 ita
777 867 812 920 et
836 869 920 920 tunc

21 950 178 1053 iinquitt
215 959 277 1037 sed
305 979 426 1056 aperte
456 980 599 1060 etcum
627 961 838 1058 splendore,
875 964 923 1040 ita

17 1095 67 1170 rut
91 1101 163 1150 res
188 1075 314 1154 nuntio
340 1103 414 1155 uon
444 1097 554 1174 egeat.
616 1077 747 1174 Neque
774 1107 923 1177 parvum

17 1188 130 1273 rillud
156 1191 292 1294 signum
316 1211 390 1280 est,
418 1192 533 1288 ipsum
562 1220 636 1272 non
663 1199 810 1274 latenter
836 1223 922 1270 ven·

20 1326 161 1397 ,turum
184 1335 270 1390 esse,
321 1307 577 1390 Animadverte
597 1337 727 1406 porro,
755 1313 811 1390 hic
835 1313 922 1392 nihil
1024 1346 1027 1354 ¹

17 1400 174 1523 {narrari
200 1426 246 1506 de
273 1425 390 1512 bello,
419 1427 653 1504 narrationem
683 1429 775 1508 enirn
799 1431 843 1507 de
865 1429 924 1506 ad-

17 1562 154 1620 sventn
175 1543 240 1622 [uo
260 1541 375 1647 probe
396 1543 442 1614 ab
465 1542 523 1622 illa
545 1544 747 1644 distinguit,
772 1547 831 1626 sed.
850 1547 924 1648 agit

17 1655 92 1731 lhic
120 1659 169 1728 de
197 1658 261 1752 iis,
290 1658 350 1764 qui
375 1661 542 1738 seducere
568 1659 764 1735 tentabunt.
826 1661 921 1742 Nam

17 1775 97 1869 ¹'qui
123 1793 286 1866 ternpore
310 1769 556 1872 apostolorum
582 1779 678 1856 fuere
702 1779 921 1874 deceptores,

18 1884 22 1970 r'
36 1895 174 1962 multos
205 1892 431 1973 [eduxerunt.
507 1904 630 1978 Venient
654 1908 755 1980 enirn,
783 1897 921 1991 inquit,

18 2015 67 2076 ,a
84 2017 241 2096 fiderent
270 2018 392 2085 multos.
457 2008 531 2111 Qui
565 2037 652 2084 vero
688 2032 768 2084 ante
801 2014 921 2089 secuu-

37 2123 127 2194 dum
148 2125 239 2205 illius
261 2125 474 2211 adventum,
499 2126 566 2204 illis
586 2128 776 2207 deteriores
800 2147 920 2206 eruut:

42 2247 171 2317 Dabunt
200 2254 299 2328 errius,
334 2240 472 2337 iuquit,
520 2269 590 2326 tgna
622 2265 652 2322 et
672 2253 841 2332 prodigia,
874 2256 923 2314 itu

17 2375 18 2422 t
43 2379 96 2445 ut,
123 2372 151 2430 si
165 2365 239 2452 fieri
252 2371 372 2454 possit,
401 2371 496 2438 etiam
517 2369 624 2436 electos
636 2367 799 2446 seducant.
852 2358 922 2436 Hic
1017 2375 1018 2383 ’

44 2499 153 2570 porro
187 2476 232 2554 de
260 2473 465 2554 antichristo
491 2474 669 2572 loquitur,
705 2475 819 2578 deque
846 2475 923 2575 qni-

17 2577 18 2608 *
45 2590 193 2666 busdam
222 2592 295 2672 eius
322 2591 521 2677 ministrist
545 2595 589 2664 de
617 2617 690 2688 quo
718 2592 764 2668 stc
791 2593 921 2671 Paulus

46 2709 226 2805 loquitur,
245 2735 340 2815 ¹eum
368 2709 460 2791 enim
492 2729 654 2790 vocasset
683 2709 779 2788 iilum
812 2708 925 2782 homi·

48 2851 124 2898 uem
147 2824 304 2922 peceati,
332 2846 366 2904 et
388 2826 499 2900 filium
523 2826 753 2928 perditionis,
782 2825 923 2904 intulit}

53 2953 139 3015 Cuius
175 2953 327 3022 adventus
360 2965 406 3017 ert
426 2952 597 3031 secundnm
632 2955 838 3034 operationem
871 2953 926 3017 Sa·
1037 2977 1041 2986 ·

48 3079 140 3158 tone,
163 3071 197 3142 in
218 3073 299 3130 omni
315 3072 433 3138 virtute
454 3066 608 3148 etfignis,
631 3081 662 3135 tt
676 3070 926 3160 prodigiiernen·

50 3185 147 3272 dccii,
174 3186 313 3256 inomni
338 3187 510 3266 deceptione
532 3187 707 3260 r'ur'ustr'tie,
734 3188 766 3254 in
787 3189 844 3261 iis,
871 3185 926 3268 qni

48 3315 180 3380 pereunt,
195 3294 217 3338 ‘⁴
268 3291 382 3394 Quod
403 3291 497 3368 idem
517 3293 700 3393 apostolus
717 3289 814 3387 prius
832 3289 928 3366 dixe·

50 3431 95 3481 rat
121 3411 150 3482 Ι.
177 3395 290 3488 Thes.
312 3403 357 3478 V.
383 3433 414 3509 3.
442 3437 510 3482 cum
533 3420 610 3486 enim
632 3416 766 3502 dixerint
783 3434 869 3499 pax,
895 3427 927 3480 tt

45 3535 209 3613 securitas,
230 3548 301 3606 tunc
318 3540 490 3616 repentinus
508 3537 550 3598 eir
582 3536 757 3615 rnrerveniet
773 3537 927 3612 interitus,

52 3640 82 3714 id
118 3639 376 3724 Tertullianus
399 3649 437 3716 de
464 3651 631 3718 Resurrect.
665 3656 764 3716 cornis
795 3637 855 3733 a),
891 3641 936 3744 S„

52 3744 148 3834 ioan
185 3758 465 3856 Chrysostornus
507 3761 617 3832 Hom.
656 3757 848 3840 LXXVII.
888 3757 926 3830 in
993 3775 995 3780 '

53 3875 180 3951 Matth.
212 3874 277 3966 b),
316 3896 353 3948 et
386 3877 423 3948 in
461 3875 668 3966 celebriad
704 3875 927 3973 Hesychium

81 4023 111 4097 n)
132 4027 191 4097 Cap.
211 4039 254 4092 24
271 4038 299 4096 p.
318 4037 379 4093 339.
461 4018 492 4093 i)
514 4023 546 4078 T.
569 4021 636 4080 VII.
655 4037 681 4093 p.
701 4037 762 4090 742·
782 4039 808 4073 n.
829 4037 853 4074 2.
873 4029 934 4074 ete,

67 4333 83 4389 ’t
