2474 4568
411 272 645 308 ''¹¹¹''-
894 304 963 359 trs

101 428 240 516 reddat3
276 452 353 525 quo
382 427 484 499 etiam
512 426 669 515 faciunt,
704 449 784 525 quse
809 453 897 508 mox
924 436 971 506 se.
994 431 1108 493 error

49 554 52 569 '
96 567 271 644 quuntur:
312 572 379 636 nonK
394 553 563 632 preteribit
588 559 745 628 generatio
772 554 853 628 hac,
893 553 1130 641 qnaecxxvttt.

56 652 62 669 ’
94 665 134 736 de
159 659 304 747 excidio
332 658 428 732 urbis
453 678 487 732 et
512 656 607 730 orbis
638 657 783 758 intelligi
810 672 1125 759 posrnntflv*

94 779 241 876 Quippe
262 804 282 850 a
303 797 483 873 tempore,
506 801 579 870 quo
602 775 762 849 Christus
782 776 856 852 haec
879 785 975 854 loen·
1032 816 1033 819 ¹

94 915 145 968 tus
176 914 255 982 est,
294 919 368 966 non
384 920 386 925 ·
401 890 567 990 praeteriit
592 892 798 987 generatio,
833 899 973 992 qualem

94 1014 156 1086 fert
194 1008 396 1084 communis
437 1028 520 1081 aetas
557 1007 739 1095 hominis,
780 1037 889 1108 usque
928 1015 973 1087 ad

97 1131 317 1202 eversionem
335 1124 431 1200 urbis
449 1117 795 1222 Hierosolymitanae.
834 1129 973 1203 sivero

95 1257 252 1332 generatio
279 1251 338 1314 hac
361 1238 531 1337 accipitur
554 1267 620 1338 pro
641 1265 770 1337 genere
793 1240 973 1334 hnmano,

96 1361 248 1459 pertinet
283 1360 329 1432 ad
364 1357 704 1431 consummationem
739 1360 872 1447 saecuti,
913 1365 974 1437 seu

98 1478 235 1574 generis¹
268 1471 424 1549 hnmani.
502 1472 625 1546 Finem
659 1496 799 1564 autem,
837 1505 898 1551 cur
929 1483 974 1553 {ic

98 1594 263 1691 ambigue
288 1594 428 1665 locutus
451 1589 491 1663 fit
510 1591 694 1678 Christus,
723 1621 808 1666 mox
832 1594 975 1684 indicat,

99 1713 179 1784 dum
216 1711 312 1809 diem
343 1709 441 1780 illum
477 1707 541 1780 soli
573 1709 660 1781 Deo
692 1710 874 1807 cognitum
906 1742 977 1786 ma·

99 1854 180 1900 nere
208 1826 311 1913 vult3
337 1851 403 1898 nos
429 1846 516 1898 vero
543 1845 620 1898 toto
645 1828 807 1902 sermone
835 1830 905 1903 hoc
930 1833 976 1904 de

99 1944 241 2018 excidio
264 1941 358 2016 urbis
381 1963 416 2015 et
435 1937 552 2030 orbis,
571 1943 779 2039 suspensos,
802 1946 860 2018 seu
884 1967 923 2019 ut
946 1948 978 2023 S.
1026 1991 1031 2000 ·

50 2104 52 2109 ·
98 2058 257 2135 Hilarius
279 2059 435 2159 loquitur
456 2054 636 2156 suspectos
658 2060 702 2130 de
729 2059 791 2131 illo
817 2086 892 2134 esse
915 2089 979 2134 vo·
1006 2050 1010 2057 .

100 2178 186 2265 luit,
224 2176 383 2274 perinde,
402 2201 443 2248 ac
469 2175 514 2247 de
540 2175 696 2248 articulo·
711 2166 777 2249 seu'
794 2198 979 2252 momento

99 2315 232 2367 mortu·

115 2526 119 2530 ’
174 2519 327 2599 Faciunt
347 2522 418 2598 huc
435 2525 546 2600 verba
564 2519 622 2614 a):
651 2533 707 2596 His
727 2542 833 2598 aretem
847 2536 918 2613 fieri
938 2540 984 2601 iu·

103 2653 301 2736 timentibus,
327 2656 483 2733 respicite,
512 2665 542 2715 et
558 2653 660 2715 levate
677 2657 784 2735 capita
800 2631 907 2716 vestra
923 2669 981 2719 etc.

102 2763 241 2857 prolata
268 2786 289 2831 a
316 2754 486 2847 Christo,
520 2778 724 2857 postquam,
734 2753 831 2856 signa
858 2758 984 2834 utrius-

66 2972 69 2976 ,
105 2903 173 2974 que
202 2874 336 2951 excidii
367 2876 462 2948 urbis
485 2889 527 2949 'et
553 2876 648 2949 orbis
679 2876 890 2963 indicasset,
922 2881 984 2953 sed

109 2993 301 3096 indefinite.
353 2992 440 3066 Sunt
467 3020 512 3066 ex
535 2993 588 3065 his
616 2991 718 3088 fignis
746 3020 819 3067 non
847 3021 983 3091 pauca,

108 3135 186 3205 quae
203 3113 305 3183 nullo
325 3135 399 3182 non
417 3129 576 3206 tempore
597 3136 635 3183 se
655 3111 814 3206 produnt
830 3138 849 3182 a
869 3111 1008 3206 primo

81 3226 219 3303 'velun
248 3253 358 3322 usque
391 3227 437 3298 ad
467 3227 659 3301 secundum
692 3224 824 3297 Christi
856 3227 986 3299 adven·

110 3362 182 3417 tum
206 3344 390 3429 futurum.
416 3343 535 3428 bella„
560 3360 799 3439 terraemotus²
826 3358 988 3439 persecu·

51 3470 55 3538 Ι
110 3460 358 3535 tiones'etiam·
382 3459 549 3537 Ecclesiae
576 3459 720 3533 internae
751 3481 989 3558 etzenternae,
1045 3516 1049 3522 -

51 3612 58 3622 ·
92 3575 249 3677 ¹elinque
263 3581 388 3669 mala,
424 3576 552 3679 quibus
578 3577 688 3672 pressi
710 3575 840 3649 »fideles
858 3577 993 3659 -identi2

51 3702 63 3774 i
117 3694 191 3769 dem
219 3692 628 3792 moneanturr'espioere
653 3712 690 3764 et
714 3695 991 3791 revenerunt

51 3904 64 3916 y.
120 3811 357 3908 suspirareque
386 3809 423 3882 in
456 3813 546 3909 spe,
582 3823 728 3905 quoniam
759 3824 994 3906 appropinquat

52 3917 67 3939 h
149 3953 260 4023 ussuto.
282 3957 367 4014 XXI.
387 3963 446 4018 280'
