2474 4568
640 301 871 314 -a—-C-

287 266 290 272 ’
318 267 386 353 146

99 428 102 435 ’
166 416 292 477 Cum
314 416 417 488 etiam
446 440 509 510 per
535 411 893 508 pseudoprophetas,
931 429 967 484 et
997 414 1200 511 prophetis·

154 536 283 592 CWX·
312 559 386 619 sas,
415 549 497 627 post
521 555 651 623 annum
675 555 694 599 a
717 528 863 599 Christo
890 529 1114 603 millesimum
1137 518 1212 605 ex-¹

148 656 288 713 W*
311 652 445 749 pletum
471 645 569 741 quasi
595 671 743 739 regnunt
765 631 1007 719 millenarium.
1049 647 1196 740 Quibus

310 763 530 860 temporibus
554 761 614 857 qui
638 759 824 858 propiores
850 782 968 848 erant,
994 763 1193 836 identidem

309 883 413 954 etiam
439 879 558 976 phrasi
583 879 641 950 illa
667 878 732 947 iam
757 877 789 949 S.
813 863 992 971 Gregorio
1015 880 1076 953 M.
1098 881 1194 954 fami·

308 998 384 1071 liari
413 997 466 1069 nsi
491 999 593 1080 lunt,
620 1019 748 1091 praeses
775 1020 921 1089 quoque
954 997 988 1065 in
1016 995 1194 1091 frequenti

309 1114 465 1186 concilio
485 1110 641 1183 Ansensi
659 1111 945 1206 archiepiscopus
964 1110 1191 1201 Viennensis,

308 1231 363 1301 de
380 1242 470 1320 qteusr'
489 1236 582 1313 senio
610 1239 745 1318 quodum
775 1238 938 1298 debilitata
963 1230 1022 1323 seu
1053 1239 1194 1318 consecto

309 1356 452 1417 Ecclesia
504 1343 558 1414 Sic
583 1343 770 1438 Remigius
800 1344 1094 1419 Altisiodorensis
1119 1347 1191 1420 saec.

309 1463 378 1535 IX.
408 1463 465 1534 illa
496 1464 712 1556 psalmorum
736 1461 870 1535 verba:
909 1472 1089 1534 Inveteravi
1115 1475 1193 1534 inter

309 1574 410 1651 omnes
432 1591 569 1648 inimicos
591 1606 689 1661 meos,
719 1596 771 1648 et:
799 1589 901 1648 iunior
914 1590 992 1666 sui,
1020 1593 1130 1650 etenim
1141 1589 1191 1667 se-

216 1708 219 1715 '
305 1710 383 1782 rarii,
412 1695 566 1791 explicat
595 1695 639 1764 de
664 1680 848 1780 Ecclesia,¹
882 1721 994 1791 „quae
1021 1722 1120 1767 nunc
1144 1697 1189 1767 le·
1229 1692 1233 1725 ⁴

307 1812 408 1899 nuit,
442 1813 525 1908 qnia
552 1809 702 1881 charitas
732 1810 937 1906 refriguit.“
988 1812 1035 1885 Et
1063 1813 1187 1886 eodem

307 1932 437 2001 saeculo
458 1929 691 2025 ·Agobardus
727 1928 1014 2026 archiepiscopus
1047 1930 1190 2027 Lugdu·

224 2084 226 2088 ¹
305 2042 425 2119 nensis
450 2056 487 2117 de
504 2057 615 2136 privil.
638 2069 670 2118 et
689 2055 981 2134 iunsacerdotum,
1012 2074 1093 2144 quae
1118 2048 1189 2120 vio·

221 2240 223 2244 ,
306 2168 377 2236 lata
400 2165 458 2236 vel
486 2162 638 2235 maxime
664 2163 889 2236 formidinem
915 2165 1094 2236 adfinem
1116 2190 1187 2237 ver-

305 2281 423 2376 gentis
450 2281 549 2374 regni
583 2280 716 2350 Christi
742 2281 777 2350 in
808 2280 904 2352 terris
931 2281 1102 2354 Ecclesiae
1129 2278 1188 2353 mi·

307 2397 439 2470 litantis
466 2397 626 2490 ingerere
655 2417 842 2493 poterant:
864 2398 1105 2491 „Mundus‚
1140 2398 1188 2469 in·

307 2517 402 2610 quit,
425 2514 498 2609 ipsa
517 2515 577 2584 sua
595 2516 772 2587 senectute
792 2515 1020 2611 deprimitur,
1038 2536 1076 2588 et
1091 2515 1188 2612 quasi
1212 2580 1215 2587 .

305 2633 353 2701 ad
386 2630 536 2702 vicinam
569 2650 719 2702 mortem
750 2631 920 2702 molestiis
950 2633 1188 2705 crescentibus

306 2766 478 2840 urgetur,
523 2748 624 2839 quod
665 2773 730 2816 nos
767 2748 902 2842 absque
938 2751 1112 2845 ambiguo
1144 2751 1186 2821 de
1216 2792 1218 2799 ·

305 2863 467 2936 Ecclesia
505 2863 622 2934 'dicere
657 2889 854 2958 possumus.
875 2869 896 2903 “
973 2867 1185 2939 Admodum
1227 2902 1232 2967 2

304 2982 542 3076 periculosum
565 2979 599 3049 in
623 2981 700 3075 ipsa
724 2981 890 3052 Ecclesiae
912 3009 990 3055 arce
1020 2984 1187 3071 Romana

257 3103 259 3106 ⁴
303 3097 464 3170 Ecclesia
492 3097 607 3170 videri
632 3119 772 3194 poterat
797 3122 867 3170 tam
894 3100 975 3171 atris
1005 3102 1188 3174 coloribus

304 3216 552 3287 adumbratum
576 3217 621 3288 ab
650 3216 728 3313 ipso
753 3219 930 3288 annalium
952 3242 1101 3312 parente
1127 3218 1189 3289 Ba·

304 3333 409 3402 ronio
431 3334 596 3404 seculum
617 3335 804 3403 decimum.
851 3333 1190 3428 Sequentisdeinde

302 3449 484 3521 undecimi
502 3451 766 3543 perversitatem
786 3475 904 3521 coram
924 3453 1084 3523 cernenti
1104 3478 1191 3548 pen·

303 3565 490 3659 sitantiqne
518 3565 549 3634 S.
570 3565 677 3635 Petro
701 3564 868 3638 Damiani
893 3568 987 3638 haud
1014 3554 1203 3641 occurritz'

300 3683 419 3770 „Nisi
450 3684 532 3776 quia
566 3701 720 3754 venturo
757 3684 857 3777 citius
891 3687 1100 3757 antichristo
1133 3687 1191 3759 via

303 3801 371 3873 iam
390 3795 562 3871 sternitur.
574 3804 595 3837 “
617 3801 684 3893 Ep.
711 3825 763 3888 15.
803 3801 953 3872 Nullum
976 3801 1104 3874 lortius
1125 3808 1197 3876 cal·

304 3946 362 3993 car
389 3942 494 4014 quam
526 3916 800 3991 novissimorum
829 3939 1032 4023 temporum
1060 3919 1196 4018 opinio
