2474 4568
247 301 295 355 Μ
567 265 800 305 —
863 304 876 319 s

106 422 220 488 estur
246 433 355 502 latum
376 426 532 503 debitum
557 430 742 502 honorem.
792 428 835 500 ln
853 426 951 501 asino
979 426 1123 502 animali

117 547 205 605 cxli.
247 548 503 645 contemptibili
532 550 700 619 summam
726 547 840 619 cernis
868 546 1121 632 humilitatem,

94 663 312 742 Wnec
341 683 456 737 tamen
482 663 781 736 accommodatius
807 663 953 759 aliquod
980 682 1055 735 erat
1076 662 1123 733 ad

103 855 112 880 ⁸
213 781 549 868 ,mansuetudinem
598 781 670 853 eius
719 780 999 877 designandam,
1051 805 1123 874 qua

241 926 357 998 prope
388 918 481 985 erat,
522 917 562 969 ut
594 898 782 969 duceretur
812 917 976 992 tanquam
1009 920 1123 992 agnus

242 1034 449 1089 mansuetus
473 1016 518 1087 ad
536 1013 737 1101 victimam3
765 1033 870 1108 atque
892 1013 995 1085 etiam
1018 1039 1125 1086 evan·

243 1133 371 1228 gelista
384 1151 586 1205 attestante:
609 1141 674 1202 Hoc
687 1139 919 1217 totumfactum
937 1152 1000 1216 est,
1020 1152 1057 1201 ut
1070 1139 1125 1200 ad·

240 1261 438 1340 impleretur,
467 1259 551 1340 quod
566 1257 681 1320 dictitia
694 1268 740 1319 ess
751 1275 808 1336 pes
819 1255 1006 1337 proplietam
1025 1257 1125 1317 disen-

243 1387 307 1440 tem
317 1397 327 1432 :
343 1374 444 1436 Dicite
449 1372 519 1449 filie
529 1373 618 1434 Sion:
636 1372 784 1436 Ecceliex
795 1373 1027 1435 tuusverrittibi
1038 1391 1125 1433 oran·

243 1503 349 1552 scietas
359 1488 577 1570 sedeasfiiper
594 1493 731 1565 asinam,
755 1501 786 1551 et
800 1490 922 1569 pralium
934 1488 1037 1565 filium
1049 1487 1126 1567 suli·

238 1609 364 1683 irtgalis.
434 1596 602 1693 Amplior
635 1617 688 1669 est
720 1599 820 1668 locus
854 1596 961 1668 Zach.
992 1594 1060 1667 IX.
1089 1619 1124 1687 9.

241 1716 288 1786 ad
309 1714 557 1809 explicandam
579 1733 688 1785 totam
711 1712 945 1784 oeconomiam
964 1710 1126 1784 salvatio·

168 1850 172 1856 ’
221 1828 296 1910 ¹nis
323 1852 453 1902 nostrae
478 1830 514 1901 in
540 1829 669 1902 Christi
700 1828 914 1902 humilitate:
954 1838 1030 1901 Ecce
1056 1838 1123 1901 Rex

240 1968 316 2018 tirus
331 1960 434 2017 veniet
453 1957 508 2018 tilii
525 1958 640 2033 iustus,
665 1968 696 2016 ec
719 1955 885 2019 Salvator:
912 1958 976 2036 ipse
992 1973 1122 2036 paupe-r,

191 2118 194 2127 -
242 2085 273 2136 tt
294 2071 558 2153 ascendenssuper
578 2076 717 2150 asinum,
738 2070 874 2154 etsuper
883 2072 1006 2154 pullum
1020 2072 1123 2148 filium

131 2200 140 2219 ³
240 2192 341 2251 asina
393 2178 445 2251 At
467 2206 554 2252 vero
577 2179 614 2250 in
638 2172 715 2276 ipso
737 2180 807 2252 hoc
828 2205 983 2276 paupere
1007 2199 1042 2250 et
1062 2181 1123 2251 hu·

239 2296 313 2367 mili
343 2296 431 2368 statu
457 2296 590 2371 Christi
613 2295 763 2371 sedentis
788 2296 890 2390 super
917 2296 1049 2368 asinam
1077 2296 1121 2368 ad

237 2412 337 2485 hunc
360 2415 550 2492 solemnem
571 2412 662 2508 regis
688 2412 786 2507 quasi
807 2412 843 2482 in
867 2411 1046 2508 triumpho
1073 2412 1123 2484 in·

237 2554 415 2624 gressum,
435 2550 567 2623 quanta
583 2529 777 2625 conspicua
796 2549 848 2600 est
863 2527 994 2623 gloria,
1013 2555 1122 2624 quan·

237 2662 274 2716 ta
297 2645 456 2722 maiestas
482 2645 516 2717 in
538 2645 756 2717 solemnibus
784 2645 1119 2744 acclamationib-us:

238 2768 387 2856 Horonon
399 2768 468 2846 filia
489 2768 621 2830 David:
659 2772 858 2846 Benedictus,
891 2776 946 2852 qui
974 2776 1061 2834 uenit
1089 2776 1123 2835 in

235 2890 357 2948 nomine
379 2886 528 2949 Domini:
555 2886 701 2948 Hosanna
729 2891 761 2947 in
783 2888 962 2949 altissimis!
989 2878 1122 2974 Populi

236 2995 381 3065 salutem
403 2992 544 3086 regibus
566 3013 754 3089 precantur
776 3014 811 3064 et
826 2993 933 3064 vitam
954 2994 988 3064 in
1007 2995 1122 3092 publi·

236 3109 286 3188 cis
314 3109 641 3197 acclamationibus,
669 3111 726 3182 hic
750 3109 1060 3186 celebratissimum
1081 3111 1120 3183 in

235 3226 338 3310 sacris
362 3227 562 3309 Judaeorum
588 3239 734 3324 Hormina
755 3231 976 3305 acclamatur.

314 3459 508 3532 Commota
533 3461 698 3535 universa
725 3459 865 3535 civitate
892 3464 956 3537 lub
983 3464 1036 3537 his
1064 3489 1120 3539 ac-

236 3578 506 3649 clamationibus
535 3575 597 3667 a),
633 3579 820 3653 deducitur
848 3583 893 3652 ad
922 3584 1117 3678 templum,

234 3696 296 3766 ubi
329 3721 365 3765 se
396 3695 538 3788 prodit,
578 3696 657 3791 quis
694 3697 754 3783 sit,
796 3697 852 3769 cui
883 3702 1118 3770 acclamatum

233 3812 319 3883 iuis:
346 3821 490 3885 Hosanna
502 3822 571 3897 filio
590 3824 701 3887 David
708 3846 718 3881 .·
741 3825 936 3903 Benedictus,
958 3827 1012 3909 qni
1029 3828 1118 3887 verrit

269 3952 300 4025 o)
319 3959 419 4013 strata.
441 3961 526 4027 XXI.
548 3977 591 4021 10..
