2474 4568
327 284 402 382 23‘4
650 316 882 333 ··-·-·

180 429 296 494 cim
424 359 769 522 'onuou
825 424 1059 519 oxum.

168 551 524 733 Quium
568 583 841 687 cnutus
881 599 950 685 tn
989 606 1202 683 mio.

325 785 364 875 Si
393 786 673 885 cognovissetis,
697 806 790 873 me,
830 795 869 859 et
898 777 1046 859 Patrem
1076 803 1202 860 meum

372 907 505 1002 utique
537 896 832 1000 cognovissetis:
872 913 910 977 et
937 898 1079 979 amodo
1114 921 1202 997 coga

372 1023 534 1097 noscetis
559 1042 670 1109 eum,
707 1042 743 1095 et
772 1017 916 1101 vidistis
946 1039 1045 1094 eum.
1098 1011 1203 1092 Dicit

373 1141 408 1214 ei
435 1134 653 1236 Philippus:
691 1132 882 1226 Domine,
909 1129 1067 1217 ostende
1093 1134 1199 1211 nobis

370 1250 542 1343 Patrem,
569 1263 608 1330 et
626 1252 760 1332 sufficit
780 1256 901 1335 nobis.
954 1249 1061 1335 Dicit
1085 1253 1123 1328 ei
1142 1246 1201 1330 Je-

290 1371 312 1486 ⁴⁸.
372 1395 455 1448 sus:
482 1368 609 1447 Tanto
629 1385 801 1472 tempore
821 1374 1019 1453 vobiscum
1040 1368 1144 1458 sum,
1165 1379 1201 1444 et

371 1511 453 1565 non
490 1490 722 1588 cognovistis
762 1488 856 1567 nte?
900 1485 1097 1586 Philipps,
1139 1485 1199 1585 qui

372 1603 475 1683 videt
497 1630 579 1695 me,
607 1604 708 1689 videt
730 1619 771 1685 ct
802 1602 960 1684 Putrem.
1009 1603 1197 1708 Quomodo

247 1723 249 1726 ’
372 1735 415 1798 tu
441 1725 557 1800 dicis:
597 1722 751 1804 Ostende
771 1721 873 1801 nobis
895 1721 1080 1802 Patrem?
1114 1718 1199 1812 Non¹

370 1841 540 1929 creditis,
574 1843 660 1936 quin
686 1864 750 1938 ego
782 1844 821 1918 in
850 1839 987 1932 Putre,
1023 1849 1059 1915 et
1087 1836 1198 1915 Pater

369 1959 486 2033 inme
510 1960 593 2038 est?
620 1955 663 2034 V
660 1954 772 2048 erbo,
798 1982 873 2055 quae
898 1981 961 2056 ego
987 1954 1115 2052 loquor
1137 1975 1197 2030 oo-

370 2071 449 2163 bis,
483 2099 506 2150 a
531 2077 684 2178 meipso
711 2099 782 2150 non
807 2074 957 2171 loquor:
992 2071 1110 2150 Pater
1137 2094 1206 2160 ou·¹

368 2202 440 2266 tem
471 2194 511 2268 in
545 2216 599 2267 me
632 2216 801 2282 monens,
840 2195 915 2290 ipse
941 2187 1042 2292 fucit
1077 2204 1191 2288 opero

369 2303 479 2386 doun.
510 2305 619 2386 XIV.
648 2331 682 2405 7.
711 2321 780 2386 etc.

152 2663 303 2751 Per-incar.
318 2577 558 2742 Antequam
591 2646 776 2743 Philippus
807 2667 942 2745 peteret
975 2673 995 2720 a
1024 2645 1191 2718 Christo:

149 2749 289 2874 33ξέζῇἳὲ
319 2773 469 2850 Domine,
497 2773 618 2834 ostende
644 2776 727 2837 nobis
755 2774 903 2852 Putrem,
930 2765 999 2837 iam
1032 2762 1192 2834 Christus

149 2862 214 2933 Filii
228 2877 289 2933 Dei·
317 2880 474 2957 dixerat:
518 2888 561 2950 Et
581 2891 690 2950 amodo
718 2893 900 2966 cognoscetis
925 2911 1014 2968 cum,
1059 2901 1090 2951 et
1115 2890 1192 2949 vidi·

313 3009 379 3069 stis.
433 2994 535 3069 Dum
557 2994 719 3074 nimirum
741 2997 778 3067 in
799 3024 842 3068 eo
864 3017 953 3085 erat,
981 3015 1020 3068 ut
1041 2999 1192 3092 comple·

314 3133 411 3186 turus
436 3133 527 3198 esset
548 3141 639 3211 opus
660 3114 889 3201 redemtionis
908 3136 1056 3201 nostrae,
1086 3140 1190 3210 prop·

312 3250 366 3301 ter
401 3233 499 3328 quod
539 3259 560 3306 e
598 3233 672 3306 finu
707 3231 820 3304 Putris
856 3232 1039 3311 descendit
1078 3233 1186 3303 fuctus

309 3346 421 3418 homo
443 3349 645 3444 unigenitus
664 3349 772 3435 Filius
793 3347 884 3437 Dei,
911 3375 983 3443 quo
1005 3349 1103 3419 simul
1129 3372 1188 3418 no·

290 3461 364 3532 vbis
408 3462 511 3534 Pater
552 3483 602 3534 est
641 3465 903 3552 manifestatus,
951 3485 1060 3562 prout
1098 3464 1184 3535 infra

307 3579 405 3674 apud
431 3565 582 3661 eundem
611 3579 642 3661 S,
670 3580 842 3658 ioannem
868 3581 1002 3679 ipsein
1025 3580 1184 3653 orations

310 3697 355 3769 ad
374 3698 473 3769 suum
493 3680 668 3775 coele'stem
692 3697 830 3773 Patrem
852 3700 974 3772 effatur
996 3694 1053 3787 a):
1083 3706 1181 3769 Mani

297 3812 423 3902 sestuoi
441 3842 546 3886 nomeu
566 3839 654 3886 tuum
674 3826 864 3906 hominibus,
884 3845 960 3910 quos
981 3827 1094 3888 dedisti
1109 3819 1180 3887 midi

133 4040 138 4047 ἱ
231 4044 234 4058 Ι
339 3956 370 4029 α)
387 3961 467 4028 Joun.
492 3959 592 4018 XVII.
612 3965 637 4018 6.
