2474 4568
899 124 948 208 89

56 262 180 360 eapite
203 261 288 334 Vll.
313 262 585 358 praecellentiam
605 263 790 337 sacerdotii
813 263 946 338 Christi
971 251 1087 318 0⁰⁰²

63 379 97 451 in
113 406 219 452 novo
238 398 447 451 testamento
465 381 658 452 secundum
673 382 834 455 ordinem
848 384 946 455 Nlel·
966 370 1091 430 CXXW·

46 496 256 568 chisedech
276 494 431 581 extollit,
451 496 496 567 src
517 497 553 567 id
571 497 687 593 ipsum
707 522 815 596 caput
833 493 1097 597 auspi-“W

48 635 188 687 ¹tutus:
225 620 444 684 Melchisedech
476 641 532 684 rex
565 623 686 702 Salem,
712 625 859 704 sacerdos
890 627 949 689 Dei

50 736 192 818 summi,
223 741 277 820 qai
299 739 443 802 obviavit
468 740 596 800 Abraba
616 759 747 816 regresso
766 762 786 805 a
807 745 882 805 cade
904 762 950 806 re·

9 926 11 931 Ι
49 874 155 931 vgum,
184 867 216 916 et
234 856 389 916 benedixit
414 858 442 916 ei
464 868 520 920 etc.
584 847 774 943 Et‘posten
798 846 857 940 a):
886 860 950 943 Qui

52 990 124 1032 non
133 970 306 1050 ficundum
330 972 421 1046 legem
443 951 584 1033 manciaci
605 975 738 1039 carnalis
750 976 863 1053 factus
881 989 946 1053 est,

9 1108 13 1145 r
56 1086 116 1166 sed
128 1086 301 1166 strandum
323 1091 472 1149 virtutem
498 1092 570 1148 vita
600 1089 777 1154 insolubilis.
818 1084 949 1156 'eonte-

67 1216 171 1267 statur
191 1206 290 1266 enim:
318 1204 472 1286 Quoniam
490 1216 526 1265 tu
547 1224 578 1268 es
591 1203 740 1284 sacerdos
759 1208 793 1268 in
808 1223 950 1276 aternum

10 1328 12 1373 ἐ
59 1316 227 1398 strandum
246 1321 381 1381 ordinem
403 1319 631 1390 Melchisedech.
677 1323 863 1405 Reprobatio
882 1329 950 1408 qui·

10 1418 13 1447 ¹
66 1436 133 1497 dem
147 1434 192 1512 fit
206 1438 399 1516 precedentis
420 1439 579 1506 mandati,
592 1453 722 1521 propter
739 1439 950 1517 infirmitatem

10 1530 12 1535 ¹
68 1555 153 1629 tius,
186 1565 219 1614 et
246 1554 472 1622 inutilitatem:
511 1557 591 1624 nibil
613 1561 692 1619 euim
716 1559 760 1618 ad
777 1559 951 1640 perfectum
1026 1632 1028 1637 ‚

68 1669 203 1741 adduxit
225 1670 300 1730 Iex:
327 1671 513 1741 introductio
536 1691 609 1744 vero
634 1675 870 1764 meliort‘ssper'²
891 1695 951 1759 per

57 1804 162 1868 ¹quam
181 1790 399 1867 proximamus
423 1788 467 1848 ad
480 1786 598 1851 ¹Deum.
658 1790 700 1851 Et
727 1803 877 1873 quantum
904 1804 952 1854 est
1015 1771 1019 1780 ⁵

67 1920 125 1964 non
141 1898 212 1979 stne
231 1906 402 1965 iuramento
429 1894 447 1986 (
457 1906 513 1964 alii
535 1906 655 1995 quidem
667 1903 734 1981 stne
755 1877 953 1977 iureiurando

57 2015 236 2098 cherdotes
246 2017 333 2098 facti
341 2019 442 2098 sunt,·
468 2021 517 2082 lrio
538 2034 642 2083 autem
663 2040 731 2083 cum
752 2025 952 2084 iureiurando

60 2155 117 2219 per
142 2154 232 2212 eum,
260 2139 314 2218 qui
335 2137 418 2198 dixit
445 2138 619 2208 adibam:
645 2139 779 2209 Jurauit
801 2139 952 2207 Dominus

68 2229 257 2335 (lehova)
281 2264 311 2314 et
324 2251 397 2313 ‘aaa
405 2255 565 2332 penitebit
585 2274 675 2317 eum:
705 2255 751 2317 Tu
769 2275 799 2318 es
804 2254 952 2335 sacerdos

65 2371 98 2438 in
110 2383 255 2434 aternum
273 2355 355 2446 etc.)
397 2359 465 2439 Hic
480 2359 587 2456 igitur
600 2361 783 2435 Dominus
800 2360 950 2436 Adonai

66 2476 231 2573 potentia
255 2475 408 2556 dexterae
436 2479 504 2548 suae
530 2487 680 2566 confregit
701 2491 802 2552 indie
823 2486 951 2566 iresuc
1014 2502 1016 2509 ’

66 2620 169 2678 reges,
197 2591 306 2687 regali
333 2593 529 2665 sacerdotio
552 2582 641 2681 sud,
672 2621 788 2691 regno
815 2595 951 2671 Christi

67 2707 106 2780 in
128 2708 229 2781 terris
251 2709 488 2786 adversantes.
541 2720 635 2801 Lapis
653 2710 817 2803 nimirum
839 2722 951 2792 abicis.

70 2853 124 2897 sur
138 2837 175 2898 de
192 2848 293 2897 monte
302 2832 369 2920 fine
386 2838 544 2924 manibus²
567 2842 621 2923 qui
633 2843 786 2922 percussit
794 2836 949 2917 statuam,

68 2967 142 3038 qua
157 2968 267 3037 regna
287 2943 410 3015 mundi
430 2943 784 3016 Nabuchodonosori
808 2946 952 3023 insoni·

63 3059 132 3132 -nio
162 3061 307 3132 luerunt
332 3078 566 3157 praesentata,
600 3073 633 3128 in
650 3069 778 3148 pedibus
804 3072 869 3130 eius
884 3069 953 3147 fer.

69 3189 162 3263 reis,·
176 3199 207 3248 et
222 3184 389 3265 sudibus,
415 3198 446 3248 et
472 3186 651 3247 comminuit
668 3203 742 3246 eor.
765 3230 772 3245 .
793 3231 828 3249 ..
857 3184 952 3266 Lapis
1060 3175 1062 3180 ’

12 3368 15 3375 ,
69 3314 196 3379 autem,
223 3307 277 3384 qui
289 3315 483 3384 percusserat
495 3300 637 3378 statuam
651 3349 660 3380 ,
673 3303 786 3381 factus
806 3314 851 3365 est
868 3321 954 3365 mons

11 3390 15 3475 l
73 3437 222 3498 magnus,
249 3431 280 3482 et
299 3421 439 3501 implevit
462 3426 637 3517 tertineriam
663 3433 777 3482 terram
797 3406 845 3498 b).
896 3419 954 3489 Ju-

75 3536 189 3598 ditabit
216 3539 249 3598 in
277 3538 451 3599 nationibus
481 3554 543 3624 per
574 3528 720 3614 orbem,
758 3525 953 3607 constituto

78 3640 111 3712 in
132 3621 292 3716 Ecclesia
312 3645 373 3715 fua
394 3670 525 3740 regno,
552 3653 688 3734 implebit
711 3655 819 3714 ruinas
839 3642 952 3746 idolo·

109 3785 139 3857 a)
157 3789 236 3844 Hebr.
260 3791 328 3847 VII.
351 3794 398 3856 16Ἰ
412 3799 460 3845 ele.
549 3787 580 3859 b)
598 3791 667 3845 Dan.
687 3788 731 3849 II.
