2604 4696
368 333 601 392 Ε
851 359 919 430 125

51 505 113 571 est,
136 484 197 558 sed
220 483 433 570 futurarum,
457 504 493 557 et
514 505 607 558 certe
624 489 820 560 futurarum
842 515 925 586 pro·
950 486 1068 552 ΒΑΜ
1111 557 1116 564 .

46 603 179 698 phetia:
209 626 284 672 non
310 600 605 697 prophetantibus
630 604 754 692 nobis,
780 605 921 701 indigni
942 607 1071 666 CXX1X·

46 718 134 792 enim
152 719 293 804 sumus;
319 718 379 789 sed
401 719 662 822 proferentibus
684 721 721 792 in
743 723 920 810 medium,
938 727 1080 796 “W

44 861 118 930 quae
148 835 279 930 scripta
307 835 411 919 sunt,
453 854 487 906 et
520 835 617 931 figna
652 838 922 912 declarantibus.

44 952 105 1022 Tu
134 950 219 1024 vide
250 951 347 1047 apud
383 969 441 1036 te,
481 977 643 1047 quaenam
676 979 721 1026 ex
754 955 822 1026 illis
854 955 924 1026 iam

43 1068 275 1163 contigerint,
303 1093 464 1163 quaenam
490 1094 578 1141 vero
605 1071 723 1142 adhuc
753 1092 924 1167 eventura

42 1205 192 1270 restent,
221 1202 328 1280 teque
352 1185 568 1280 praemuni.“
627 1183 733 1282 Signa
759 1214 800 1260 ea
827 1208 924 1284 post-

43 1327 143 1396 quam
160 1327 205 1372 ex
215 1300 412 1396 Evangelio
423 1301 673 1387 recensuisset,
686 1305 924 1400 defectionem

43 1442 225 1514 postremo
239 1444 258 1488 a
273 1418 363 1504 fide,
386 1417 494 1506 „Haec
508 1418 630 1514 igitur,
645 1420 844 1518 subiungit,
863 1422 924 1494 de·

44 1535 144 1607 sectio
165 1555 237 1620 est,
262 1555 297 1607 et
314 1537 574 1630 exspectandus
592 1536 660 1608 iam
675 1537 846 1611 inimicus.
876 1539 926 1612 Ec

45 1651 107 1723 iam
125 1679 174 1724 ex
194 1671 294 1748 parte
312 1675 546 1748 praecursores
563 1654 645 1726 suos
664 1653 802 1727 mittere
824 1680 927 1729 occe·

44 1768 109 1864 pit,
131 1790 172 1840 ut
189 1769 263 1866 ipse
281 1769 326 1840 ad
346 1774 502 1864 praedam
522 1790 662 1866 paratus
680 1772 926 1866 subsequatur.

46 1885 102 1972 Tu
117 1886 225 1982 igitur
238 1884 413 1982 provide,
431 1912 454 1956 o
469 1885 599 1973 homo,-
617 1908 652 1959 et
665 1891 815 1962 animam
830 1891 928 1961 secu·
989 1917 992 1924 ·

46 2005 250 2075 ram‘redde.
285 1994 516 2076 Testificatur
531 2029 625 2076 nunc
639 2004 703 2076 tibi
716 2006 873 2078 Ecclesia
887 2006 927 2078 in

47 2118 226 2214 praesentia
245 2118 319 2192 Dei
336 2118 509 2206 viventis,
533 2139 568 2190 et
586 2143 662 2213 quae
680 2121 928 2194 antichristum

48 2237 224 2332 spectant,
253 2237 465 2334 praenuntiat
489 2236 575 2322 tibi,
603 2257 792 2333 antequam
820 2229 928 2323 advo„

49 2354 121 2426 niat.
180 2355 307 2449 anue
335 2355 405 2426 five
434 2372 496 2426 tuo
526 2373 686 2452 tempore
716 2345 832 2428 futura
859 2354 932 2461 snit.

50 2469 250 2558 nescimus,
288 2471 358 2544 five
392 2470 569 2567 posterius
603 2469 798 2545 nescimus:
839 2470 932 2568 opti·
1017 2461 1019 2466 ¹

50 2612 138 2658 mum
168 2608 288 2658 tamen
320 2581 393 2674 est,
434 2605 468 2659 te
498 2588 628 2659 horum
660 2571 809 2683 gnarum
839 2613 929 2686 prae-

50 2704 182 2774 muniri.
196 2708 218 2740 “
252 2737 254 2750 ν
287 2702 473 2801 Deinceps
502 2730 599 2778 num.
632 2731 686 2777 12.
715 2731 788 2778 nou
820 2706 931 2782 alium

51 2801 195 2908 mundi,
221 2846 327 2916 quam
360 2822 558 2894 Romani
548 2823 685 2920 rmperii
712 2824 820 2895 finem
852 2824 933 2896 fore

50 2935 177 3023 sciscit,
224 2956 301 3008 tarn
330 2963 553 3032 graecorum,
598 2966 704 3035 quam
736 2941 932 3014 latinorum

51 3049 187 3156 Parrum
215 3045 492 3142 existimatione,
533 3083 695 3162 „quam,
723 3077 774 3128 ut
793 3043 932 3130 ibidem

52 3169 159 3242 editor
186 3169 227 3244 P.
247 3170 404 3243 Tutteus
428 3173 576 3244 adnotat
598 3171 659 3260 a),
685 3163 806 3244 fefellit
826 3199 935 3245 even·

34 3285 122 3374 tus,
167 3285 235 3358 nisi
273 3286 519 3358 adumbratam
559 3289 632 3358 eius
667 3287 848 3382 speciem,
892 3287 932 3364 in

54 3402 309 3476 Germanico
299 3401 448 3501 smperio
480 3402 625 3478 nomine
657 3425 759 3476 tenus
791 3429 941 3494 consere,
1005 3437 1008 3450 ¹

51 3541 184 3612 vatam,
210 3520 285 3594 veri
313 3546 354 3594 ac
377 3513 479 3594 solidi
500 3511 749 3596 Romanorum
772 3519 934 3594 domina-

52 3653 147 3726 tus,
150 3637 250 3710 cuius
273 3637 477 3710 successio
468 3663 537 3710 ram
561 3619 728 3734 pridem
719 3633 867 3724 interiit,
894 3609 935 3710 id
1018 3711 1020 3715 .

52 3757 168 3828 locum
196 3753 395 3828 substituas.
410 3758 432 3794 “
493 3756 611 3826 Aliam
638 3757 787 3826 aliorum
814 3777 934 3826 recen

54 3872 181 3976 tiorum
210 3872 412 3978 ,pracsertim
452 3855 681 3970 interpretum
720 3861 931 3945 ¹sententiam

86 4013 117 4090 e)
135 4021 202 4088 eug.
222 4035 283 4086 229.
303 4027 356 4074 not.
378 4033 401 4074 r.
