2474 4568
307 254 865 334 ⁶6-·······

166 411 281 472 CAPUT
308 409 412 507 igitur
432 408 595 482 iubemur
618 433 754 481 novum
783 407 987 498 hominem,
1014 422 1070 504 qui
1080 420 1198 502 sector·

171 519 272 586 CXXI.
307 540 380 599 dum
406 536 505 598 Denm
532 545 652 597 creatus
674 547 720 597 est
742 537 774 597 in
799 536 926 597 iustitia
950 548 981 600 et
990 534 1192 617 sanctitate-.-

150 645 291 704 VVV
307 658 433 740 quique
454 664 622 714 renovatur
644 654 677 712 in
697 653 901 730 agnitionem,
917 651 1089 731 secundum
1112 660 1192 720 ima·

305 774 406 847 ginem
428 772 513 846 eius,
540 770 595 851 (μα’
620 770 740 830 creavit
758 752 1021 846 idum,'[cilicet
1041 763 1087 834 ad
1107 763 1192 838 ima·

201 898 205 909 ·
308 878 428 973 ginem
455 895 490 948 et
515 874 794 952 fimilitudinems
821 901 926 971 quarn
955 897 1187 972 renovatam,

309 994 652 1088 redintegratamque
676 990 762 1065 Deo
792 993 975 1068 conditori
999 996 1190 1071 redhibere

310 1111 513 1184 debeamus.
573 1106 624 1180 Ut
646 1108 732 1181 ficut
753 1107 916 1182 Christus
937 1111 988 1183 ob
1012 1113 1188 1187 numisma

310 1224 443 1299 caesaris
483 1223 638 1322 imagine
676 1224 848 1320 signatum
886 1227 1002 1300 caesari
1038 1230 1187 1326 redden·

310 1344 397 1417 dum
428 1343 547 1429 iubet,
583 1367 663 1438 quae
698 1333 784 1414 sunt
809 1342 968 1432 caesaris,
1002 1344 1053 1418 ita
1082 1347 1186 1420 etiam

309 1488 375 1554 pua
384 1469 465 1548 flent
488 1469 564 1545 Dei,
586 1468 673 1543 Deo,
696 1460 842 1554 eoquod
854 1465 1013 1546 signatum
1034 1471 1187 1555 estsuper

308 1605 362 1648 nos
389 1588 488 1647 lumen
507 1587 614 1647 vultur
641 1587 689 1646 tm
714 1585 845 1647 Domine
867 1574 962 1668 n),
952 1605 1071 1674 rmago
1095 1578 1188 1667 Dei,
1217 1594 1220 1601 '

307 1720 415 1790 quam
439 1714 588 1790 peccato
615 1676 781 1765 loedatam
802 1694 905 1766 suae
894 1696 1087 1791 integritati
1112 1696 1187 1794 ipse

308 1799 473 1884 Christus
513 1809 675 1882 restitnit
746 1808 901 1884 Pulchre
943 1807 1188 1888 Tertullianus

306 1947 469 2023 tempore
503 1926 621 1998 adhuc
655 1927 944 2023 persecutionum
976 1950 1186 2028 utramque,

306 2045 455 2142 quando
492 2041 694 2116 officiorum
728 2064 803 2117 erat
834 2034 988 2118 maxima
1024 2047 1186 2134 collisio,

247 2146 249 2151 ¹
307 2161 578 2258 christianorum
598 2148 853 2257 obligationem
875 2162 1038 2260 explicat.
1081 2216 1104 2252 „
1114 2167 1189 2237 An·

257 2310 260 2316 ’
307 2278 467 2352 ticlrristo
488 2278 555 2349 iam
577 2278 752 2364 instante,
779 2278 897 2352 scribit
915 2276 972 2368 b),
999 2300 1037 2354 ct
1056 2280 1095 2352 in
1114 2283 1189 2354 lan·

306 2397 476 2492 guinem,
512 2421 587 2466 non
618 2394 654 2464 in
685 2396 855 2492 pecunias
884 2397 1005 2468 hiante
1035 2398 1188 2472 christia·

307 2539 460 2598 norum,
498 2512 685 2606 quomodo
716 2513 802 2584 mihi
831 2540 1036 2611 proponere
1066 2534 1189 2612 potest

306 2629 514 2725 scripturam
543 2654 641 2700 esse:
680 2639 829 2717 Reddite,
860 2658 923 2723 qua
938 2640 1018 2720 sunt
1042 2646 1187 2719 tasone,

305 2756 435 2817 cesari?
461 2745 574 2815 Miles
594 2769 669 2830 me,
691 2747 748 2816 vel
772 2745 926 2835 delator,
948 2750 1006 2822 vel
1024 2747 1188 2822 inimicus

304 2861 495 2949 concutit„
512 2860 600 2931 nihil
626 2860 745 2932 caesari
772 2861 938 2958 exigens,
966 2861 1076 2939 immo
1102 2893 1187 2940 con.

305 3001 360 3052 tra
387 2978 540 3075 laciefflns;
570 3002 658 3050 cum
690 2977 920 3052 christianum
952 2982 1093 3076 legibus
1124 2984 1186 3056 hu·

303 3095 416 3168 manis
445 3085 765 3183 reum,'mercede
795 3096 948 3170 dimittit.
994 3097 1104 3172 'Alius
1134 3120 1185 3173 est

303 3212 488 3302 denarius,
516 3239 622 3310 quem
645 3212 764 3285 caesari
787 3214 924 3302 debeo,
952 3214 1014 3310 qni
1035 3217 1081 3288 ad
1103 3243 1185 3291 eum

303 3330 477 3428 pertinet,
499 3333 544 3403 de
563 3357 636 3427 quo
654 3351 739 3402 tunc
758 3331 946 3426 agebatur,
969 3332 1183 3422 tributarius,

301 3475 323 3522 a
353 3447 541 3520 tributariis
570 3447 701 3520 seilicet
730 3474 804 3519 non
835 3474 855 3520 a
882 3447 1002 3522 liberis
1029 3451 1182 3525 debitus.

300 3563 380 3637 Aut
414 3565 601 3660 quomodo
639 3565 808 3652 reddam,
867 3591 947 3662 quae
988 3569 1072 3642 lunt
1108 3568 1183 3646 Dei

301 3680 421 3754 Deo?
455 3682 578 3812 utique
604 3681 794 3779 proinde
785 3683 985 3814 imaginem
1003 3706 1038 3757 et
1062 3712 1184 3760 mone·

302 3820 374 3874 tam
398 3798 506 3894 ipsius
531 3799 734 3897 inscriptam
760 3803 905 3875 nomine
930 3801 1025 3891 eius,
1051 3802 1183 3892 idest,

338 3946 486 4018 e.)Prnlm
500 3947 554 4004 IV.
570 3961 596 4015 7.
663 3945 694 4019 l)
712 3949 771 4006 til.
789 3949 928 4030 defuga
917 3969 949 4005 m
958 3963 1056 4024 persen.
1072 3967 1100 4024 7.
1121 3967 1181 4022 542·
