2474 4568
252 280 324 355 268
576 268 806 302 ¹¹¹-

107 418 223 490 ,ΒΑΜ
327 424 443 507 Porro
465 446 542 520 quae
563 420 669 495 dixit:
696 431 837 495 Dextera
857 429 1030 508 igitur-Dei
1050 435 1124 500 exul·

138 542 191 598 CL·
251 563 361 630 ¹tatus,
389 563 420 614 et
443 552 645 632 promissione
670 548 805 631 Spiritus
822 547 932 629 sancti
959 563 1123 635 acceptat
1162 590 1171 663 Ῑ

96 655 368 745 “Y‘'Patre,
395 665 508 744 effudit
530 667 630 745 bunc,
657 685 746 749 quem
770 685 828 728 uos
852 667 991 746 uidetis,
1018 679 1049 731 et
1077 687 1124 730 an·

250 788 325 848 ditis
349 775 384 846 in
408 768 625 872 c'ompendio
643 776 741 863 lunt,
766 798 845 870 quae
865 773 1028 857 Christus
1049 801 1124 874 apo·

246 893 347 967 stolis
373 893 408 963 in
437 892 561 966 ultimo
589 893 751 964 sermone
780 891 826 977 de
852 891 982 989 Spiritu
1009 894 1122 968 sancto
1163 880 1171 960 l

243 1013 425 1108 paracleto
448 1008 655 1106 explicavit:
684 1019 802 1103 Quem,
829 1005 1035 1107 inquito),
1061 1024 1124 1084 mit·

243 1149 290 1201 tet
318 1138 413 1199 Pater
438 1140 471 1197 in
496 1139 614 1208 nomine
643 1154 731 1198 meo:
769 1134 819 1197 ille
844 1154 901 1205 uos
920 1120 1046 1201 &tebit
1070 1157 1125 1200 orn·

242 1257 316 1331 nia,
344 1266 374 1316 et
387 1253 535 1333 suggeret
553 1255 674 1330 oennia,
702 1249 882 1335 quocunque
902 1253 1017 1347 dixero?
1033 1256 1125 1321 vobis.

244 1359 387 1457 Nempe
415 1379 454 1433 ut
478 1381 604 1457 postea
628 1359 713 1431 dicit
734 1357 793 1449 b):
821 1370 930 1444 Adbuc
954 1372 1057 1434 multa
1077 1373 1127 1434 ba·

243 1487 297 1550 beo
320 1490 407 1551 vobit
430 1488 546 1562 dicere,
562 1485 625 1564 sed
648 1505 706 1547 non
721 1488 856 1566 potestis
874 1500 1007 1570 portare
1028 1491 1124 1554 morlo.

248 1605 322 1667 Cana
345 1619 449 1666 autem
474 1605 594 1676 uenerit
619 1601 670 1664 ille
698 1602 832 1684 Spiritus
852 1607 1018 1684 veritatis,
1047 1607 1127 1669 doce·

243 1721 290 1784 bit
311 1739 368 1782 nos
394 1739 511 1781 omnem
539 1723 715 1793 ueritatem.
788 1721 856 1783 Non
882 1723 961 1783 enim
988 1722 1127 1805 loquetur

244 1854 266 1898 a
283 1834 475 1917 semetipso,
500 1834 563 1928 fleri
588 1853 770 1918 quacunque
794 1838 925 1915 audiet,
964 1839 1128 1922 loquetur,

243 1965 275 2015 et
295 1970 359 2035 qua
376 1965 510 2024 venturo
525 1951 624 2031 sunt,
651 1954 849 2026 annuntiabit
866 1955 964 2016 uobis.
1018 1956 1075 2019 Ille
1094 1957 1128 2019 cle

242 2089 309 2132 meo
330 2073 478 2152 accipiet,
502 2066 532 2132 et
550 2069 746 2132 annuntiabit
763 2069 859 2138 vobis.
904 2070 1030 2151 Omnia,
1053 2090 1128 2157 qua

244 2207 361 2271 cunque
381 2188 474 2251 babet
493 2188 606 2264 Pater,
637 2207 706 2249 mea
722 2185 825 2279 sunt:
848 2203 1013 2270 propterea
1041 2193 1128 2270 dixi,

244 2308 321 2388 quia
342 2306 377 2366 de
394 2325 459 2366 meo
476 2307 625 2383 accipiet,
648 2315 678 2366 et
695 2306 890 2376 annuntiabit
906 2281 1004 2369 nobis.
1035 2297 1125 2392 Quae

244 2412 400 2484 divinam
422 2411 609 2498 continent
630 2412 675 2496 de
702 2411 758 2482 88.
788 2411 975 2485 Trinitatis
999 2435 1126 2512 myste-

242 2529 297 2601 rio
324 2528 562 2624 theologiam,
589 2528 717 2624 passim
744 2529 789 2600 ab
815 2529 1066 2626 interpretibus
1091 2531 1120 2604 S.

244 2645 431 2741 Scripturas
453 2665 488 2716 et
507 2637 684 2740 theologis
701 2646 760 2718 hic
778 2647 999 2744 explicatam.
1038 2647 1117 2725 vid.

242 2762 482 2835 Nlaldonatus
509 2760 548 2830 in
575 2762 609 2832 h.
636 2764 666 2860 l.-

1167 2392 1171 2445 l

275 2933 307 3009 e)
325 2939 405 3007 ,Ioum
425 2939 510 2998 XIV.
529 2943 574 2998 26.
641 2936 674 3011 b)
691 2939 762 2997 liii.
783 2938 868 3001 XVI.
889 2959 932 3002 η.
