2474 4568
384 98 620 146 μ*

389 144 619 186 ···-··.··--·‘
864 136 935 209 191
1020 164 1022 169 ·

10 322 19 336 t
67 262 102 336 in
135 287 240 336 cruce
273 261 438 356 deinceps
473 261 677 334 offerendus
711 253 870 359 quotidie
902 268 937 338 in
964 253 1084 320 ΨΜ

10 410 12 441 ³
66 380 183 457 altari:
213 401 290 474 quae
312 378 424 448 'verba
447 391 478 448 in
503 405 601 449 meam
628 394 937 452 commemorationem
949 374 1101 450 CXXXW·

62 496 111 570 D.
136 492 267 568 Paulus
295 496 340 566 ad
367 493 672 567 consecrationem
704 496 819 569 calicis
842 493 1095 592 repes&

62 635 141 686 tens
161 638 252 684 mox
269 610 387 684 subdit
409 607 466 700 a):
495 621 738 703 Quotiescunque
756 626 834 684 enirn
856 641 942 684 mau-

61 740 216 801 ducabitis
232 757 345 819 panem
367 737 464 811 hunc,
488 755 520 798 et
541 739 664 799 calicem
683 736 792 800 bibetis
812 753 942 801 mortens

61 855 190 918 Domini
211 854 454 929 annuntiabitis„
480 853 572 915 donec
593 857 719 929 veniat,
747 843 819 940 iugi
845 845 944 917 nimi-

51 962 156 1035 ‘rum'
172 987 285 1056 usque
312 960 356 1030 ad
383 956 722 1031 consummationem
751 963 866 1034 saeculi
892 963 940 1033 s·

62 1077 200 1152 crificia
221 1076 306 1150 novi
328 1061 525 1148 testamenti
545 1074 579 1144 in
601 1074 733 1146 Christi
751 1078 938 1172 sanguine:

52 1194 365 1292 'quemadmodum
403 1193 498 1288 apud
533 1191 681 1264 Paulum
718 1193 865 1289 perinde
899 1203 941 1268 a'c

62 1313 158 1410 apud
179 1333 248 1384 tres
277 1295 506 1405 evangelisias
529 1309 657 1382 dicitur
680 1336 813 1382 novum
840 1332 944 1394 tesen-

52 1447 221 1502 mentum
246 1426 281 1497 in
305 1427 417 1497 effuso
441 1426 573 1498 Christi
595 1428 762 1522 sanguine
785 1453 851 1522 pro
876 1455 941 1502 no·

61 1545 117 1618 bis
148 1545 186 1616 in
222 1570 324 1616 cruce
358 1543 510 1616 mortui:
546 1554 629 1637 Qui,
666 1564 707 1615 ut
738 1545 830 1616 idem
865 1526 940 1619 rem

63 1660 371 1759 explicatissimam
403 1658 488 1732 aiibi
523 1661 638 1734 reddit
669 1666 851 1757 apostolus
878 1661 941 1752 b),
969 1691 974 1711 0

57 1808 115 1870 per
140 1775 287 1869 Spiritum
302 1785 449 1866 sanctam
468 1785 667 1867 semetipsum
694 1789 806 1850 obtulit
833 1793 943 1850 imma·

63 1905 201 1966 sulatum
231 1902 317 1980 Deo,
355 1903 532 1964 emundabit
561 1906 772 1965 conscientiam
801 1918 942 1967 nostram

53 2023 104 2084 ‘ab
125 2021 264 2102 operibus
290 2023 419 2080 mortuis
440 2019 484 2079 ad
492 2016 692 2096 servientium
718 2019 778 2080 Deo
795 2023 942 2082 viventi?

10 2168 22 2257 p
63 2138 106 2202 Et
128 2136 196 2200 ideo
221 2138 295 2196 novi
317 2138 491 2196 testamenti
516 2137 669 2197 mediator
694 2149 756 2198 est:
785 2148 820 2197 ut
846 2151 944 2200 morte

10 2288 20 2323 ;.
48 2254 281 2328 'intercedente,
307 2255 338 2311 in
357 2252 569 2313 redemtionem
592 2271 697 2313 carum
712 2255 947 2334 pravaricatio·

64 2388 155 2445 nam,
183 2384 246 2449 quo
268 2366 427 2446 erautsuir
442 2371 545 2447 priori
576 2381 756 2431 testamento
783 2373 948 2450 repromis-

10 2528 12 2535 ·
54 2491 178 2567 ‘sionem
203 2480 380 2565 neemiam
414 2488 468 2566 qui
493 2487 601 2545 uocati
615 2483 694 2562 sunt
720 2497 829 2547 eterne
857 2488 945 2548 hare-

10 2668 12 2689 :
64 2606 185 2666 ditatis.
236 2600 292 2688 Ubi
313 2604 390 2662 enim
409 2613 623 2663 testamentum
646 2613 708 2679 est,
730 2622 811 2665 mars
831 2622 953 2665 necessa

10 2756 14 2833 i
65 2733 112 2783 est
132 2717 308 2809 'intercedat
334 2722 500 2781 testatoris.
556 2719 782 2781 Testamentum
808 2723 947 2787 enimin

10 2840 13 2943 ᾗ
66 2838 197 2900 mortuis
217 2833 427 2914 confirmatum
446 2849 512 2900 est:
534 2837 669 2919 alioquin
690 2838 820 2898 nondum
839 2837 950 2914 ualet,

66 2947 138 3014 dum
160 2957 248 3014 vivit
275 2957 329 3035 qni
350 2965 481 3017 testonis
504 2966 557 3016 est.
622 2942 832 3031 Notandum
857 2970 948 3018 vero

10 3140 12 3149 ,
58 3060 170 3155 'quod
191 3061 390 3133 Matthaeus
418 3080 453 3133 et
474 3062 624 3131 Marcus
651 3061 688 3128 in
712 3059 830 3130 verbis
853 3058 949 3130 insti,

65 3177 392 3250 tutionis''habeant
403 3179 536 3264 sanguis
557 3187 640 3246 meus
659 3188 732 3246 novi
752 3189 926 3246 testamenti
934 3217 951 3262 ς

66 3293 183 3366 Lucas
215 3320 303 3366 vero
334 3315 368 3367 et
398 3289 551 3367 Paulus:
592 3304 679 3363 Caiix
709 3321 823 3364 novum
856 3284 952 3363 terta·

66 3434 203 3482 mentum
229 3424 261 3482 in
279 3441 352 3483 meo
368 3421 546 3500 sanguine.-
587 3410 714 3505 quibus
741 3407 858 3481 verbis
883 3434 952 3479 rex·

69 3526 225 3624 pressius
257 3549 331 3600 tum
369 3529 496 3599 veritas
533 3525 711 3620 sauguinis
749 3524 880 3596 Christi
912 3523 955 3596 im·
1061 3584 1063 3589 .

45 3638 198 3736 '‘salicc,
227 3671 306 3718 cum
332 3645 434 3717 etiam
460 3642 657 3715 testamenti
683 3641 771 3713 ratio
800 3640 952 3772 explicp·

58 3810 69 3835 ι
103 3787 136 3861 a)
155 3792 182 3846 Ι.
206 3794 264 3848 Cor.
285 3792 339 3848 XI.
360 3795 402 3846 26.
488 3791 518 3856 i)
538 3787 616 3844 Hebe.
636 3785 691 3842 IX.
714 3802 754 3854 14.

1124 3664 1130 3698 i
