2474 4568
385 332 616 348 *-

59 443 239 529 umbrata,
267 461 374 540 atque
394 442 514 516 divina
531 431 755 539 benignitate
777 467 939 539 praenun·
969 439 1083 504 ΕΔΜ

55 559 173 647 ciata,
212 580 312 632 tanto
336 559 508 632 cautiores
535 561 684 631 reddere
711 586 778 631 nos
804 560 938 632 debent
953 561 1109 621 CXXVII-1

52 677 419 772 prospectioresque,
447 701 521 771 quo
551 676 661 771 magis
691 676 862 765 senescit,
889 679 1093 748 att-W*

55 819 125 891 que
150 795 246 866 adeo
269 794 315 865 ad
340 794 448 868 finem
470 807 641 890 properat
662 792 771 864 orbis.

110 970 924 1012 ·--·*·v---·

190 1086 487 1190 eaeor
546 1093 803 1190 cxxvn.
863 1108 933 1213 g
1051 1155 1055 1163 .

54 1281 331 1359 exclusura
355 1281 503 1353 unius
526 1280 599 1354 nr
623 1281 792 1354 onan:
816 1267 938 1356 GEN-

38 1492 40 1496 Α
104 1409 187 1481 sss
214 1407 461 1493 sonatan,
488 1406 739 1480 auctusne
766 1387 888 1478 ouu-

35 1556 42 1567 ·
141 1529 273 1603 stunt,
295 1527 347 1592 ΕΤ
367 1528 533 1627 GENERIS
556 1529 716 1592 fiuntur
738 1528 849 1617 ΕιιΤιι.Ι

54 1667 137 1748 Erit
158 1676 331 1767 pressura
355 1692 491 1767 magna
514 1667 798 1768 superterram,
825 1682 863 1746 et
883 1672 936 1745 ira

104 1785 253 1886 populo
270 1786 368 1862 huic.
422 1783 470 1862 Et
495 1785 629 1862 cadent
648 1786 688 1861 in
711 1810 775 1863 ore
797 1786 931 1886 gladii:

106 1916 147 1980 et
171 1904 308 2001 captivi
339 1902 523 1979 ducentur
549 1906 589 1978 in
617 1928 748 1980 omnes
775 1910 932 2002 gentes,

104 2032 141 2096 et
161 2018 374 2115 Jerusalem
397 2017 597 2096 calcabitur
618 2020 847 2116 agentibus:
872 2023 934 2096 do-

103 2161 167 2212 uae
191 2135 411 2233 impleantur
434 2148 598 2232 tempora
623 2134 819 2210 nationum.
884 2135 933 2211 Et

103 2262 215 2330 eruut
233 2249 341 2349 figua
370 2255 409 2326 iu
426 2251 528 2352 sale,
556 2262 591 2327 et
619 2238 727 2349 ltlua,
753 2262 788 2327 et
802 2249 933 2346 stellis,

101 2380 139 2445 et
163 2372 205 2443 iu
230 2371 344 2444 terris
369 2383 546 2465 pressura
564 2372 732 2464 gentiunt
752 2383 832 2465 pra
855 2390 935 2444 eurr-

94 2482 402 2587 fusiauesauitus
422 2489 538 2564 muris
558 2497 593 2560 et
603 2484 807 2591 stercutum:
839 2503 935 2560 ares-

102 2602 275 2680 centibus
296 2596 514 2678 hominibus
536 2624 611 2700 prae
628 2603 786 2689 timore,
815 2613 853 2676 et
871 2623 934 2674 ex-

103 2723 356 2818 spectatione,
380 2743 462 2819 quae
478 2717 740 2818 supervenient
756 2719 931 2796 universo

102 2837 212 2925 orbi,
249 2860 335 2914 nam
363 2839 519 2914 virtutes
551 2837 738 2912 coelorum
763 2861 934 2912 comnio-

102 2953 310 3028 vebuntur:
343 2967 380 3029 et
396 2965 493 3030 tunc
510 2954 693 3030 videbunt
710 2951 846 3029 Filium
864 2951 933 3028 ho-

103 3071 214 3146 minis
233 3072 445 3146 venientem
462 3074 503 3146 in
522 3073 622 3148 nube
641 3094 727 3146 curn
746 3082 932 3168 potestate

102 3210 263 3287 magna,
279 3200 317 3264 et
334 3189 533 3263 maiestate.
562 3186 653 3262 Luc.
667 3183 779 3262 XXI.
791 3213 812 3258 2
818 3199 930 3280 pete.

254 3350 736 3372 η--Π--ο-ΙΕ-ιυ-ϋ--Ι

10 3496 20 3577 Ἰ
54 3410 260 3551 Aristan
282 3480 443 3563 fuerunt,
467 3503 544 3574 quet
564 3477 676 3551 ludaei
696 3476 835 3574 experti
853 3479 934 3552 sunt
950 3495 1101 3554 ludaeiante

53 3594 85 3665 in
105 3595 251 3668 excidio
274 3596 399 3668 urbis
391 3598 604 3692 interituque
628 3594 827 3690 reipublicae
851 3587 981 3681 fuat,⁰⁰
923 3641 1014 3692 ’amu
985 3584 1094 3690 Μῃῒω

55 3713 112 3784 alia
141 3714 240 3798 lunt,
269 3738 348 3806 quae
371 3712 406 3781 in
430 3713 651 3808 dispersione
674 3712 790 3807 gentis
816 3712 932 3783 etiam·
923 3704 1061 3840 {on

58 3854 136 3900 num
166 3828 341 3913 subeunt,
369 3828 419 3898 uti
451 3829 508 3900 hic
538 3828 772 3924 praedicuntur
802 3829 1022 3923 captivirendi
1041 3843 1073 3896 ad

56 3944 239 4016 ducendi
230 3972 266 4016 ιιι
287 3971 412 4017 omnes
436 3967 573 4042 gemet,
599 3966 634 4019 et
655 3946 845 4018 Jerusalem
867 3947 933 4016 cal·
950 3913 1098 4003 Christum
