2474 4568
575 313 805 333 *pfl

234 283 322 367 1236

107 417 223 484 ΘΗΜ·
248 439 332 502 Deus
363 436 489 498 Domini
519 436 616 497 nostri
645 435 720 507 Jesu
757 419 869 498 Obsisti
899 435 995 499 Pater
1023 435 1129 513 glorie

100 542 226 602 ⁰X¹⁴¹¹¹⁴
248 558 300 621 det
324 555 412 617 vobis
423 551 574 634 spiritum
585 551 764 633 sapientia,
847 552 1070 632 revelationis,
1095 557 1145 618 in.

94 657 234 721 ’'w'‘
247 675 403 750 agnitione
425 674 513 734 eius:
539 669 729 731 illuminatos
753 687 771 729 o
840 688 855 731 s
877 669 979 736 coedis
1002 675 1101 733 nestri
1114 717 1141 750 „

246 787 427 868 nesciatis,
454 802 518 869 qua
535 783 580 862 βε
594 783 669 866 spes
694 787 868 864 vocationis
892 786 980 863 eius,
1007 797 1041 850 et
1066 805 1125 871 que

246 907 365 968 divitie
387 905 488 981 glorie
507 892 702 965 ‘hereditatis
733 905 798 966 eius
825 904 860 963 in
876 900 1012 980 sanctis.
1087 905 1123 968 Bt

246 1039 312 1105 que
334 1018 378 1097 βε
395 992 629 1102 βιριεεηιίειεηε
646 1019 825 1094 magnitudo
849 1021 981 1081 virtutis
1006 1023 1072 1083 eius
1094 1023 1141 1087 in·

181 1207 183 1212 ,
245 1156 319 1214 nos,
341 1139 395 1218 qui
416 1138 563 1200 credimus
573 1134 742 1215 secundum
762 1138 969 1218 operationem
982 1142 1120 1218 potentie

245 1258 376 1316 uirtutis
401 1257 483 1331 eias,
512 1229 605 1336 quam
630 1265 775 1334 operatus
802 1265 847 1315 est
869 1255 903 1313 in
933 1253 1053 1316 Christo
1070 1266 1118 1318 etc.

247 1359 297 1435 Et
321 1380 445 1456 postea
469 1357 531 1450 o):
574 1369 656 1432 Deus
682 1381 806 1446 autem,
842 1373 895 1452 qui
917 1371 1005 1432 dives
1031 1375 1120 1436 estin

246 1489 476 1563 misericordia,
500 1498 630 1567 propter
655 1489 782 1547 nimiam
808 1485 993 1550 charitatem
1007 1488 1117 1568 suam,

247 1623 311 1686 qua
332 1605 442 1666 dilexit
459 1622 529 1680 nas,
557 1614 587 1665 et
607 1599 826 1666 cum‘essemus
847 1609 963 1665 mortui
977 1609 1117 1686 peccatis,

137 1678 194 1766 ι’.
245 1719 478 1797 convivificavit
503 1739 557 1781 nos
580 1722 613 1780 in
640 1720 756 1781 anneto
782 1709 896 1802 (cuius
916 1725 1027 1796 gratia
1054 1725 1118 1784 estis

235 1823 388 1916 salvati)
412 1849 443 1898 et
467 1838 738 1913 conresuscitavit,
764 1848 796 1898 et
819 1837 974 1900 consedere
989 1840 1072 1918 fecit
1091 1841 1119 1900 in

168 2033 170 2039 Ι
244 1955 409 2018 eoebstibas
426 1956 459 2014 in
485 1952 602 2014 cnriseo
622 1953 717 2025 Jesut
744 1965 780 2014 ue
798 1955 967 2016 ostenderet
987 1957 1021 2016 in
1032 1953 1119 2032 secu·

244 2069 286 2132 iis
310 2070 599 2152 supervenientibus
632 2069 819 2131 abundantes
855 2070 987 2133 divitias
1017 2075 1119 2148 gratie

137 2214 142 2220 ·
231 2186 301 2270 sue
324 2190 356 2249 in
378 2188 515 2250 bonitate
527 2187 626 2268 super
650 2190 758 2249 notin
785 2186 903 2248 cbristo
928 2187 1014 2258 Jesu.
1077 2177 1118 2250 Et

244 2299 355 2394 paulo
373 2316 454 2392 post
469 2319 750 2367 commemorans
769 2294 998 2370 commissum
1013 2295 1074 2367 fibi
1085 2291 1118 2385 b)

243 2423 277 2486 in
307 2422 446 2498 gentibus
472 2422 696 2497 ‘evangelizare
732 2421 958 2496 investigabiles
995 2423 1120 2484 divitias

250 2540 380 2615 Cbristi,
405 2552 437 2603 et
455 2538 627 2620 illuminare
647 2557 765 2615 omnes,
793 2555 856 2620 que
868 2533 913 2613 βε
937 2537 1119 2620 dispensatio
1157 2536 1159 2604 !

127 2681 130 2684 ⁴
231 2653 425 2732 sacramenti
449 2656 617 2715 absconditi
640 2672 661 2714 a
674 2653 796 2731 seculis
817 2658 850 2715 in
870 2653 956 2731 Dea,
984 2658 1040 2737 qui
1062 2675 1119 2722 orn·

243 2775 297 2829 nia
325 2774 463 2845 creavit,
492 2781 528 2829 ut
551 2773 721 2830 innotescat
744 2771 993 2850 principatibus,
1020 2784 1052 2834 et
1068 2792 1119 2853 po·
1157 2742 1159 2823 s

242 2886 404 2947 testatibus
421 2889 453 2946 in
470 2885 633 2946 celestibus
645 2905 702 2965 per
717 2885 900 2964 Ecclesiam,
924 2889 1118 2968 multiformis
1157 2884 1159 2891 ’

232 3000 396 3082 supientia
413 3000 490 3079 Dei,
503 3000 672 3080 secundum
686 3001 915 3083 prefinitianem
922 3005 1115 3084 seculorum,

242 3137 337 3202 quam
355 3118 437 3197 fecit
459 3123 491 3181 in
518 3119 634 3180 Christo
657 3120 732 3190 Jesu
751 3119 883 3181 Domino
901 3133 1015 3184 nostro.
1067 3113 1115 3185 Sic

244 3226 346 3298 otiam
378 3245 594 3300 contestatur
624 3227 895 3304 sollicitudinem
925 3230 1021 3301 suam
1052 3229 1118 3302 Co.

241 3343 488 3431 lossensibus,
524 3334 824 3430 Laodicensibus,
864 3365 895 3416 et
927 3358 1111 3439 quicunque,
1157 3374 1159 3431 j

240 3458 289 3530 ait
299 3454 352 3545 c),
371 3486 429 3527 non
439 3467 705 3547 nideruntfociem
719 3487 816 3532 meam
829 3473 861 3530 in
873 3490 983 3533 corne:
1002 3486 1039 3535 ut
1053 3490 1114 3535 con·

165 3591 174 3598 ’
240 3584 374 3645 solentur
395 3586 488 3646 corda
506 3588 660 3666 ipsorum,
683 3578 824 3649 instructi
837 3591 870 3648 in
891 3589 1064 3668 charitate,
1085 3596 1113 3650 et
1146 3591 1149 3597 ’

227 3703 273 3771 ‘in
295 3718 396 3761 omnes
416 3702 547 3765 divitias
568 3703 770 3784 plenitudinis
795 3706 982 3784 intellectus,
1009 3710 1042 3770 in
1053 3722 1109 3780 >aag-

237 3808 383 3893 nitionern
403 3823 541 3898 mysterii
563 3820 622 3883 Dei
647 3823 753 3883 Patris
774 3835 806 3884 et
834 3822 945 3884 Cbristi
960 3824 1058 3893 Jesu:
1080 3823 1114 3882 in,

205 4007 208 4012 ,
270 3951 301 4026 a)
320 3933 384 4026 aps.
404 3955 448 4013 11.
467 3970 503 4024 s„
568 3952 598 4024 s)
616 3957 658 4012 n.
678 3957 739 4043 ru.
761 3967 798 4018 s..
862 3956 891 4028 a>
907 3961 965 4037 wea.
986 3960 1074 4023 ras.
