2474 4568
377 266 611 302 ...-
883 210 934 367 79*

52 420 92 493 in
121 443 214 508 nos,
248 416 358 492 fimile
387 418 557 491 mandato
587 415 758 515 diligendi
787 414 933 508 Deum,
954 415 1070 479 cm*

48 536 135 634 quia
158 536 200 608 in
222 537 295 639 hoc
317 534 530 609 continetur.
590 533 691 609 Dum
710 537 814 609 venim
837 538 935 611 iube·
950 530 1082 593 CXXffl‘

49 680 131 728 mur
164 651 290 732 Deum
321 650 466 746 diligere
495 677 541 723 ex
569 670 648 725 toto
681 654 813 740 corde,
849 652 1091 728 nihleW

50 771 237 845 residuum
257 767 490 864 relinquitur,
516 767 583 840 nisi
606 789 646 842 ut
665 770 871 866 proximum
896 770 935 843 in
961 809 962 812 ¹

52 887 141 960 Deo
177 882 388 982 diligimus,
425 885 514 958 ficut
543 885 647 959 etiam
676 887 936 984 nosmetipsos,

55 1005 223 1104 adeoque
258 1000 382 1075 Deum
419 1004 525 1097 supra
560 1005 824 1101 nosmetipsos,
868 1030 970 1077 nec‘

53 1120 153 1194 aliter
184 1118 389 1216 proximum
420 1119 507 1192 ficut
537 1120 773 1217 nosmetipsos
803 1120 869 1192 nisi
898 1121 940 1197 in-

55 1236 162 1324 Deo,
175 1256 179 1270 ·
192 1236 280 1309 ficut
296 1237 449 1309 Joannes
470 1236 573 1308 dicit:
601 1247 685 1309 Dens
709 1248 847 1309 charitas
872 1260 939 1328 est,

56 1367 165 1446 etqui
194 1354 299 1426 manet
327 1367 359 1425 in
388 1363 561 1441 charitate,
596 1365 630 1426 in
656 1338 722 1426 Deir
750 1377 872 1442 manet,
907 1377 943 1428 et

58 1480 140 1544 Deus
162 1483 198 1542 in
217 1499 274 1543 co..
315 1468 482 1566 Hincque
505 1491 623 1568 patet,
650 1474 837 1568 quomodo
862 1472 939 1545 uni·

58 1613 158 1664 versa
181 1588 243 1658 lex
268 1605 303 1659 et
327 1589 510 1685 prophetoe
535 1588 573 1660 in
598 1590 740 1662 duobus
764 1589 940 1662 mandatis

10 1696 19 1791 J*
59 1703 178 1791 „mira
203 1704 358 1801 quadam
388 1706 676 1802 conspiratione,
714 1726 754 1778 ut
780 1708 941 1802 loquitur
971 1748 976 1756 ·

10 1820 16 1939 i
59 1819 212 1895 lacobus
242 1821 439 1896 Nisibenus
469 1822 577 1895 Serm.
609 1823 656 1895 ΙΙ.
691 1823 735 1894 de
765 1821 942 1897 Dilectio-

61 1965 104 2011 ne
126 1935 187 2030 α),
214 1941 386 2034 pendent.
444 1939 539 2011 Nam
564 1939 592 2011 si
618 1961 674 2028 tu,
701 1940 835 2037 pergit,
863 1940 941 2037 ipse

62 2056 104 2128 ad
138 2080 290 2129 examen
323 2055 445 2129 venias
481 2057 634 2130 duorum
666 2059 940 2144 mandatorum,

61 2170 96 2242 in
125 2172 259 2268 quibus
288 2154 424 2269 pendet
452 2173 567 2245 omnis
597 2171 651 2246 vis
681 2173 767 2267 legis
799 2193 832 2245 et
863 2198 946 2268 pro·
990 2199 993 2206 ·
1043 2164 1046 2171 ¹

62 2290 270 2385 phetarum‚
297 2314 518 2385 cognosces,
545 2289 573 2362 si
596 2291 673 2362 haec
694 2288 798 2360 insita
826 2307 946 2361 essent

21 2438 29 2487 t
62 2405 96 2477 in
115 2407 290 2498 cordibus
312 2427 347 2478 et
369 2407 408 2477 in
433 2407 611 2479 mentibus
636 2405 847 2491 hominum;
874 2430 944 2479 nec

62 2526 156 2620 lege,
186 2550 254 2598 nec
277 2525 462 2621 prophetis
487 2524 637 2596 omnino
658 2523 878 2620 indigerent,
903 2522 944 2593 fi-

25 2664 30 2669 “
63 2641 321 2737 cut-'scriptum
354 2659 428 2730 est,
465 2641 589 2736 quod,
627 2650 677 2724 lex
704 2655 785 2714 iusto
813 2669 872 2712 non
898 2660 944 2713 est

25 2794 33 2835 r
59 2772 184 2849 posita,
222 2767 261 2830 ed
279 2770 422 2829 iniustis:
449 2778 483 2830 et
503 2757 647 2854 quidem
669 2783 736 2853 pro
759 2755 889 2853 iniquis
908 2756 945 2830 et

27 2864 30 2875 ’
64 2874 177 2972 impiis
201 2873 318 2972 posita
344 2893 398 2947 est
422 2877 492 2946 lex.
544 2875 593 2946 Et
617 2875 646 2947 si
672 2875 799 2946 iustitia
819 2873 945 2947 verita·

65 2991 107 3064 tis
134 2992 308 3079 stetisset,
345 3010 380 3063 et
409 2990 594 3063 mansisset
628 2992 724 3087 apud
756 2991 944 3080 homines,

29 3200 33 3211 Ι
65 3136 139 3182 non
169 3127 262 3183 esset
290 3133 381 3206 opus
407 3110 498 3202 lege.
562 3109 596 3179 E
625 3108 766 3181 diverso
793 3107 858 3180 nisi
883 3104 945 3180 leit

30 3252 33 3267 ¹
68 3226 183 3323 posita
209 3245 318 3313 esset,
343 3225 455 3296 virtus
481 3223 557 3295 Dei
578 3248 652 3294 non
673 3225 886 3296 ostendisset
906 3225 956 3296 in⁴

32 3380 36 3432 ς
69 3343 234 3416 omnibus
261 3339 466 3414 nationibus
496 3322 839 3432 omniamirabilia,
865 3368 945 3440 quae

34 3460 42 3569 Ἰ
72 3459 347 3534 manifestavit.“
395 3459 444 3531 Et
460 3478 587 3556 postea
609 3487 704 3533 num.
727 3454 820 3557 Ἀρ.
842 3448 960 3533 XIII..

10 3648 14 3663 ,
76 3577 263 3662 „Verbum
277 3595 393 3648 autem
411 3574 517 3664 illud,
537 3578 636 3673 quod
655 3577 746 3648 dixit
762 3576 949 3652 Dominus

10 3721 17 3794 ἰ
81 3712 107 3764 tt
124 3695 287 3768 Salvator
307 3712 447 3781 noster,
473 3694 642 3790 quoniam
664 3707 698 3766 in
724 3705 840 3769 duobus
861 3725 947 3767 man·

51 3828 57 3855 ¹
85 3821 152 3913 ἀρεῖς
159 3822 296 3904 pendent
308 3821 357 3884 lex
371 3833 401 3883 et
406 3823 578 3905 proptera,
598 3815 780 3912 pulcrum,
797 3813 962 3902 bonum,-

10 3955 21 3969 ⁴
53 3970 65 4403 d
112 3955 137 4028 a)
157 3961 189 4017 r.
211 3960 247 4021 V.
267 3954 338 4018 titt.
355 3960 413 4020 ee.
909 3943 911 3949 '

49 4408 63 4471 Ι,

10 2022 26 2089 t
