2604 4696
699 412 930 428 ———-—-

245 417 249 430 ·
365 377 453 458 ,126

233 521 349 588 CAPUT
377 523 559 599 retulimus
579 523 616 596 in
633 523 726 600 libro
747 523 916 622 inscripto
926 550 938 597 r
964 535 1099 600 Ecclesia
1119 537 1264 603 militans

226 643 355 702 CXXIX·
376 672 499 729 regnum
524 653 636 715 christi
656 655 806 718 ueretris.
859 639 1041 740 Singulare
1063 665 1132 731 est,
1155 647 1261 741 quod

221 760 501 858 Vv'vpostea
535 786 630 831 num.
664 780 720 847 15,
755 760 786 832 S.
821 759 977 857 Cyrillus
1009 761 1262 836 antichristum

374 895 564 971 venturum
593 876 708 948 edicat
737 896 820 974 post
846 875 1017 972 integram
1047 879 1170 976 templi
1199 881 1261 952 Ju-

374 993 464 1066 daici
483 991 799 1090 Hierosolymitani
818 989 975 1082 ruinam,
997 1021 1077 1090 quae
1098 997 1259 1070 necdum

374 1110 517 1207 quidem
538 1110 669 1198 suerat,
697 1135 779 1183 curn
803 1109 1096 1207 haecperoraret,
1124 1113 1258 1187 accidit
1293 1099 1297 1112 ⁸

371 1226 599 1299 nihilominus
628 1227 660 1298 S.
689 1225 828 1324 Cyrillo
854 1228 970 1301 adhuc
995 1228 1164 1316 vivente,
1191 1231 1262 1302 ser·

234 1327 237 1334 ¹
288 1369 291 1376 ¹
370 1342 460 1417 vatis
489 1344 716 1415 solummodo
745 1343 984 1417 fundamentis
1014 1345 1260 1440 quibusdam,

371 1460 488 1536 donec
510 1460 673 1532 Saraceni
694 1459 844 1556 septimo
869 1463 995 1534 saeculo
1021 1465 1189 1558 templum
1215 1463 1260 1537 in

371 1580 498 1650 eodem
519 1582 602 1651 loco
623 1575 804 1672 religionis
827 1579 896 1650 suac
918 1598 1125 1650 erexerunt:
1151 1581 1261 1675 quod

367 1701 389 1766 a
416 1694 611 1767 christianis
637 1694 871 1791 postmodum
895 1694 932 1766 in
958 1694 1140 1768 ecclesiam
1168 1722 1258 1769 con·

368 1829 529 1899 versum,
558 1812 700 1883 tandem
725 1811 770 1883 ab
794 1811 878 1908 ipsis
902 1832 1144 1910 recuperatum
1166 1813 1258 1900 Nla-

367 1927 654 2000 humedanorum
684 1927 923 2025 superstitioni
949 1928 1074 2001 servit:
1115 1947 1153 2001 ut
1181 1933 1262 2002 lau·

367 2044 470 2117 datus
505 2044 544 2117 P.
580 2043 738 2118 Tutteus
770 2046 917 2118 adnotat
949 2033 993 2116 ad
1025 2073 1058 2117 n.
1095 2066 1178 2134 15.,
1214 2067 1256 2120 et

365 2179 455 2234 mox
472 2160 518 2232 ad
537 2188 572 2232 n.
597 2166 650 2233 16.
673 2159 712 2250 α)
736 2162 782 2234 ad
798 2157 925 2236 ‘eorum
943 2161 1149 2234 sententiam
1167 2189 1256 2259 pro·

364 2283 494 2366 uocat,
522 2278 583 2375 qui
603 2279 789 2376 publicum
812 2279 980 2351 Ecclesiae
1007 2280 1139 2352 cultum
1162 2281 1254 2353 anti·
1299 2293 1300 2327 i

365 2381 488 2469 'christi
527 2417 690 2493 tempore
725 2415 941 2468 cessaturum
976 2385 1255 2487 existimarunt,

360 2515 461 2588 secus
489 2537 530 2584 ac
555 2513 587 2584 S:
614 2497 771 2610 Cyrill'us
796 2533 831 2585 et
857 2513 918 2585 alii
939 2531 1087 2609 putant:
1121 2512 1253 2600 ·„Non
1298 2611 1299 2614 Ἴ

363 2631 477 2717 enim,
499 2627 615 2724 inquit
636 2630 713 2716 ille,
736 2630 847 2704 robur
869 2649 911 2724 et
929 2656 1058 2704 nervos
1079 2629 1253 2705 Ecclesiae

364 2735 570 2844 desperatos
598 2746 773 2833 habe0,“
807 2747 843 2818 in
873 2747 1031 2821 fidelium
1058 2745 1254 2838 solatium,

316 2957 319 2966 Δ
360 2879 453 2960 quos
492 2863 634 2936 demum
673 2891 707 2936 n.
746 2873 801 2942 18.
835 2865 1019 2950 hortatus,
1056 2865 1252 2960 „teipsum

358 2977 467 3076 igitur
484 2984 502 3068 ,‘
532 2980 673 3078 inquit,
710 2980 882 3077 praemuni
909 3007 932 3054 ο
958 2981 1069 3054 homo
1087 2982 1103 3051 τ’
1135 2981 1252 3055 habes

358 3085 457 3192 stgna
478 3096 692 3186 antichristi,
716 3122 833 3194 neque
856 3099 951 3171 solus
974 3125 1014 3188 ea
1039 3097 1251 3186 recordare,

359 3215 421 3288 sed
445 3237 480 3288 et
501 3216 668 3306 omnibus
690 3211 836 3311 absque
850 3212 985 3287 invidia
1008 3213 1249 3288 communica.

360 3331 397 3404 Si
430 3333 541 3406 lilium
572 3333 683 3405 habes
714 3332 907 3411 secundum
939 3356 1104 3418 carnem,
1144 3331 1249 3403 illum

354 3447 425 3526 iam
445 3449 597 3535 instrue,
625 3469 804 3519 etmone:
835 3467 869 3519 et
891 3447 918 3519 si
938 3472 1153 3544 quemquam
1177 3434 1246 3544 per
1296 3431 1297 3470 ³

357 3565 559 3641 catechesin
588 3563 778 3659 genuisti,'
799 3565 896 3637 hunc
923 3591 1069 3661 quoque
1101 3584 1249 3637 cautum

353 3683 486 3769 redde,
514 3708 559 3754 ne
585 3682 708 3754 salsum
737 3662 986 3775 (Christum)
1011 3683 1096 3754 ficut
1116 3707 1248 3755 verum

353 3795 509 3897 'recipiat
560 3807 635 3880 Jom
655 3811 733 3872 enim
750 3803 930 3890 mysterium
947 3799 1248 3890 perficitur'iniqui·

260 3905 262 3909 ⁸
353 3925 442 3992 tatis.
494 3915 653 3987 Terrent
674 3943 730 3990 me
754 3917 847 3990 bella
871 3917 1079 4008 nationum:
1108 3931 1246 4042 terrent

309 4130 313 4142 Α
391 4062 424 4140 ι)
441 4066 508 4136 Pag.
528 4076 590 4134 231.
610 4072 664 4119 nat.
683 4080 711 4122 a.
736 4107 740 4122 ,
