2474 4568
896 322 942 393 53

60 468 106 522 est
127 475 216 519 mons
235 475 382 536 mugnus,
410 447 447 521 ιε’
460 460 601 540 impleuit
621 450 796 525 uniuersum
816 470 941 527 terram.
971 448 1087 517 clm

61 566 110 638 Et
140 590 253 637 mox:
293 576 330 637 In
363 575 468 637 diebus
500 589 603 638 nutem
618 570 792 655 xregnorum
823 580 943 642 illorum
977 573 1080 631 CXIXss

49 649 223 779 ‚inscitubit
249 689 335 754 Deus
361 693 426 753 coeli
451 710 574 769 regnum
587 686 615 770 ,¹
635 697 719 778 quod
746 700 778 788 in
803 692 1100 760 aternumW*

60 828 119 871 non
148 809 388 889 dissipabitur,
413 820 592 886 teregnum
622 815 687 874 eius
714 813 806 876 alteri
826 814 945 894 poprrlu

60 944 120 988 non
157 927 325 988 trudetur.-
361 928 544 990 comminuet
573 941 696 1005 aretem,
732 941 763 991 et
792 942 948 993 consumet

61 1045 209 1106 universa
231 1061 324 1119 regnu
344 1043 425 1105 nec.-
460 1054 491 1105 et
510 1046 610 1125 ipsum
620 1041 718 1121 stabit
739 1048 772 1106 in
793 1059 945 1109 aeternum.

59 1159 232 1221 Secundum
255 1161 340 1242 quod
358 1163 488 1238 uidisti,
516 1161 656 1244 quotide
678 1162 951 1227 montenbscissus

61 1286 105 1339 est
124 1276 212 1355 Iapis
227 1271 297 1352 fine
321 1277 480 1355 manibus,
508 1289 538 1339 et
559 1279 738 1341 comminuit
761 1290 892 1357 restam,
914 1266 951 1342 'et

54 1391 198 1471 serrum,
223 1404 255 1454 et
273 1411 328 1472 us,
350 1407 381 1456 et
398 1407 575 1472 argentum,
603 1406 633 1457 et
651 1413 762 1457 aurum
778 1408 834 1458 etc.
870 1385 950 1458 Dif-

60 1498 137 1572 fusa
158 1497 324 1573 nimirum
343 1528 405 1598 per
424 1501 623 1574 universam
646 1521 772 1574 terram
790 1488 950 1584 Ecclesia

61 1615 198 1689 Christi
221 1617 347 1715 lapidis
368 1617 563 1713 angularis,
588 1647 609 1688 a
630 1627 759 1690 Domino
764 1629 891 1708 factum
905 1641 951 1693 ert

62 1745 169 1820 istud,
197 1756 229 1806 et
250 1756 295 1807 est
319 1745 457 1808 mirabile
477 1725 510 1806 r'n
535 1746 631 1807 oculis
648 1748 784 1808 nostris!
819 1736 950 1832 Neque

10 1900 13 1914 »
63 1851 159 1922 enim
176 1849 296 1923 mains
320 1871 389 1941 est,
411 1870 471 1925 aut
493 1851 639 1948 cogitari
663 1872 782 1949 potest
804 1844 950 1926 miracu·

64 1971 163 2056 lum,
202 1993 309 2064 quarn
339 1988 454 2040 totum
484 1971 659 2042 muudum
693 1970 729 2041 in
765 1969 949 2043 Christum

62 2084 297 2171 crucifixum,
316 2095 431 2166 Judaeis
448 2097 569 2177 quidem
575 2069 951 2174 scandulumsGentilnts

65 2224 170 2275 autem
182 2208 355 2288 stultitiam
377 2197 438 2291 a),
466 2201 667 2274 credidisse.
721 2203 847 2288 „Tria
869 2204 951 2277 lunt

62 2317 309 2405 incredibilia,
336 2316 453 2414 iuquit
478 2319 509 2389 S.
531 2317 761 2414 Augustinus
783 2318 840 2407 b),
869 2342 949 2413 qum

65 2453 184 2509 tamen
203 2436 412 2510 factasunt:
437 2434 652 2508 Incredibile
671 2457 742 2522 est,
766 2435 949 2508 Christum

64 2551 300 2626 resurrexisse
328 2551 517 2638 incarne,
554 2535 651 2624 etin
680 2556 809 2626 coelurn
832 2579 951 2626 ascen·
1043 2590 1049 2629 ς

64 2670 163 2741 disse
187 2695 267 2741 cum
290 2694 413 2740 carne:
443 2669 655 2742 Incredibile
678 2691 748 2757 est,
776 2662 953 2746 mundum

64 2811 140 2859 rem
171 2804 243 2858 tam
270 2784 513 2858 incredibilem
545 2787 760 2859 credidisse:
797 2788 951 2860 lncredi-

65 2902 139 2976 bile
162 2922 233 2989 est,
257 2902 420 2974 homines
443 2902 640 2997 ignobiles,
663 2904 840 2991 infirmos,
867 2931 952 3000 pau·

67 3020 251 3106 cissimos‚
292 3018 476 3116 imperitos
506 3045 581 3091 rem
608 3040 677 3092 tarn
705 3021 951 3094 incredibilem

64 3157 141 3209 tam
160 3123 347 3208 efficaciter·
369 3137 528 3223 mundo,
551 3156 585 3209 et
604 3138 639 3208 in
660 3139 720 3209 illo
743 3136 845 3210 etiam
866 3129 952 3210 doc·
1054 3184 1055 3187 =

65 3254 109 3327 tis
145 3253 356 3350 persuadere
391 3253 561 3348 potuisse.
579 3256 631 3354 “⁴⁵
667 3251 836 3338 Utinam,
863 3270 951 3349 qu'nt

63 3369 219 3442 maiores
249 3371 362 3445 nostri
387 3369 539 3448 feliciter
566 3371 781 3466 superarunt
804 3369 953 3446 difficul-

62 3507 158 3560 tates
182 3488 405 3561 contra·vim
432 3502 576 3562 omnem
602 3505 817 3584 potestatum
838 3488 952 3565 saeculi

64 3631 107 3678 ac
135 3613 370 3702 tyrannorum
400 3604 437 3676 in
467 3604 693 3701 suscipiendo
722 3603 924 3698 Evangelio
938 3651 951 3692 ·,

65 3723 155 3794 nihil
179 3722 346 3794 obstante
368 3721 529 3794 doctrina
548 3723 583 3791 in
608 3719 781 3817 mysteriis
804 3745 824 3791 a
848 3721 950 3794 sensu

67 3837 251 3913 communi
279 3838 431 3934 perinde
461 3839 595 3924 aliena,
633 3864 673 3909 ac
707 3829 789 3908 vitre
826 3862 952 3911 norma

95 3984 130 4060 a)
149 3987 176 4043 I.
200 3988 260 4041 eor.
281 3982 306 4039 I.
328 3997 370 4053 23.
438 3983 468 4054 b)
483 3987 541 4043 zib.
560 3985 662 4042 XXII.
672 3986 711 4038 lde
730 3984 789 4038 Ciu.
808 3981 860 4038 Dei
877 3999 900 4036 e
920 3997 949 4059 ᾗ,
