2604 4696
370 323 926 414 32¹——

694 365 921 376 un—-u—--u

1119 431 1133 456 .

233 479 346 536 error
371 461 513 550 inventa
548 497 600 550 est
633 476 695 548 tibi
726 479 870 571 regula,¹
906 476 987 573 quia
1015 478 1186 552 inventus
1221 498 1266 550 es'

216 597 352 651 cxxlll.
371 595 536 692 proximo
555 614 617 665 tuo
638 621 700 690 par
716 616 754 664 ru
777 595 864 689 ipse.
904 595 1043 687 Quaeris
1063 597 1264 691 quomodo

216 715 493 808 “wulgus
513 711 741 808 proximum?
761 712 904 782 attende
922 711 1091 807 teipsum,
1111 733 1145 783 et
1165 739 1265 807 quo·

364 831 479 900 modo
503 849 535 901 te
550 829 685 921 diligis,
708 829 752 898 fic
771 828 879 952 dilige
899 828 1143 924 proximum.“
1173 830 1263 900 Etsi

275 941 281 952 “
364 973 452 1018 vero
481 945 513 1014 in
543 945 725 1016 collisione
752 943 950 1016 officiorum
981 945 1161 1041 propriam
1190 973 1263 1016 no-

307 1105 311 1112 -
361 1085 472 1136 stram
504 1061 726 1158 przrlerimus¹
748 1061 901 1155 proximi
928 1061 1046 1148 saluti,
1076 1062 1264 1133 nihilomi-

367 1179 651 1274 nus-proximum
667 1203 822 1251 amamus
842 1177 926 1248 ficut
938 1205 1002 1249 nos
1014 1178 1129 1274 ipsos,
1151 1179 1263 1249 dum-

362 1297 479 1366 modo
509 1321 581 1366 non
609 1321 764 1366 amamus
794 1293 973 1388 nosipsos
996 1296 1030 1366 in
1055 1295 1259 1390 proximo:

359 1413 404 1483 ¹id
435 1432 505 1497 est,
544 1432 583 1482 ut
610 1437 714 1506 quem
741 1434 918 1495 amamus,
956 1411 1071 1482 eidem
1099 1411 1164 1506 ipsi
1191 1413 1264 1484 bo-

360 1557 454 1600 ·num
473 1528 621 1600 velimus
645 1553 690 1597 ex
710 1526 851 1612 anim0‚
876 1528 957 1598 alias
974 1528 1153 1622 nosipsos
1176 1556 1260 1600 non

360 1647 570 1742 proximum
591 1644 779 1738 diligimus
807 1643 994 1715 Tenebras
1017 1644 1261 1739 offuciasque,

358 1787 458 1858 ’quas
486 1763 541 1833 hic
570 1784 668 1831 amor
699 1757 862 1856 proprius
897 1759 1040 1847 obiicit,
1068 1762 1265 1833 admirabi-

362 1884 437 1951 lem
462 1880 495 1949 in
522 1880 667 1949 modum
698 1876 852 1970 dispellit
879 1899 1093 1972 praeceptum
1122 1882 1264 1952 amoris

361 2018 439 2068 earn
462 1998 590 2082 breve,
616 2011 685 2065 tam
705 1993 870 2078 sublime,
894 2013 963 2064 tam
987 1994 1172 2066 divinum:
1198 2005 1263 2067 Di-

278 2143 281 2148 ·
370 2126 442 2198 liges
457 2125 632 2202 proximum
652 2133 738 2180 turma
749 2115 832 2194 sicul
850 2124 1000 2200 'teipsum
1022 2109 1141 2183 Deum
1164 2140 1261 2208 ergo

360 2235 451 2328 ·plus
479 2255 582 2324 quam
610 2232 785 2321 teipsum,
825 2222 965 2298 nonnisi
995 2227 1028 2296 in
1058 2228 1142 2299 Deo
1166 2230 1264 2326 teip-

281 2431 283 2436 Ι
371 2375 467 2428 sum,
495 2347 555 2440 qui
583 2367 697 2428 totus,
730 2369 801 2413 non
826 2345 936 2413 lulum
964 2341 1062 2438 quod
1091 2343 1148 2428 es,
1179 2345 1263 2418 Dei

372 2493 432 2548 es,
460 2465 517 2534 sed
550 2483 584 2532 et
609 2460 707 2554 quod
734 2461 857 2556 suapee
884 2459 1083 2544 desideras,
1111 2462 1259 2536 summo

371 2582 471 2652 bono
492 2577 577 2650 felix
598 2601 672 2648 esse
695 2603 735 2646 ac
757 2577 898 2661 beatus,
929 2602 1001 2647 non
1025 2575 1088 2647 nisi
1114 2576 1149 2646 in
1170 2576 1262 2673 ipso

371 2697 457 2768 Deo
478 2695 618 2766 obtines
641 2680 837 2762 admirabili
862 2692 944 2776 illo,
972 2694 1017 2763 de
1040 2718 1111 2780 quo
1137 2694 1262 2789 supra,

301 2894 310 2906 ,
360 2817 575 2905 domumque
599 2810 809 2893 adorando,
837 2835 878 2878 ac
902 2809 1055 2879 amando
1082 2835 1265 2884 commer-

372 2932 429 3001 cio
469 2928 608 3023 generis
643 2924 788 2996 humani
821 2949 899 2996 cum
936 2926 1137 3011 divinitate,
1159 2955 1259 3024 ·quo

360 3047 446 3142 lpse
466 3046 567 3118 Deus
590 3047 760 3116 summum
786 3039 922 3113 bonum
945 3041 1068 3115 beatos
1092 3071 1156 3115 nos
1179 3024 1263 3118 red-

360 3165 424 3235 -dit
452 3156 521 3233 line
548 3162 619 3233 fine
647 3161 682 3230 in
710 3161 828 3231 coelis:
866 3185 1034 3255 quorsum
1063 3161 1259 3257 aspirando

372 3283 409 3353 in
442 3281 560 3366 terris,
597 3305 678 3350 cum
707 3299 894 3373 angustum
928 3278 966 3347 srt
994 3303 1055 3348 cor
1088 3302 1259 3354 nostrum

375 3399 569 3494 debilisque
593 3418 738 3466 conatus
765 3395 907 3478 menen,
935 3395 1084 3465 vel‘hoc
1104 3395 1184 3490 ipso
1206 3389 1263 3468 in·

360 3509 550 3589 *cessante'r
583 3511 686 3583 nobis
718 3506 997 3595 connitendum,
1035 3513 1263 3584 comenden-

376 3635 532 3726 dumque
566 3647 618 3699 est
650 3649 837 3724 progressu
867 3627 1040 3700 conti-nuo
1072 3627 1116 3698 ad
1140 3629 1263 3702 maio-

376 3777 449 3848 rem
478 3747 674 3844 profectum
699 3746 734 3816 in
758 3744 894 3817 summo
914 3741 1017 3818 bono
1039 3770 1264 3840 prosequen-

339 3877 342 3882 '
377 3871 449 3952 do,
477 3865 559 3936 Deo
578 3865 680 3933 unice
704 3860 886 3956 diligendo
905 3863 1070 3933 srneullo
1096 3887 1264 3958 prorsus,

379 3988 462 4057 dum
491 3984 527 4053 in
555 3981 614 4055 via
635 3980 692 4051 hic
715 3982 849 4067 sumus,
878 3979 1106 4068 diverticulo,
1136 4007 1266 4079 neque
