<?xml version="1.0" encoding="UTF-8"?>
<!DOCTYPE html PUBLIC "-//W3C//DTD XHTML 1.0 Transitional//EN"
    "http://www.w3.org/TR/xhtml1/DTD/xhtml1-transitional.dtd">
<html xmlns="http://www.w3.org/1999/xhtml" xml:lang="en" lang="en">
 <head>
  <title>
</title>
<meta http-equiv="Content-Type" content="text/html;charset=utf-8" />
  <meta name='ocr-system' content='tesseract 3.04.00' />
  <meta name='ocr-capabilities' content='ocr_page ocr_carea ocr_par ocr_line ocrx_word'/>
</head>
<body>
  <div class='ocr_page' id='page_1' title='image "./desublimiinevan03gerbgoog_0018.png"; bbox 0 0 2474 4568; ppageno 0'>
   <div class='ocr_carea' id='block_1_1' title="bbox 87 295 1141 3599">
    <p class='ocr_par' dir='ltr' id='par_1_1' title="bbox 92 295 1141 1258">
     <span class='ocr_line' id='line_1_1' title="bbox 422 295 982 400; baseline 0.004 -47"><span class='ocrx_word' id='word_1_1' title='bbox 422 295 656 355; x_wconf 47' lang='grc' dir='ltr'>Ξ</span> <span class='ocrx_word' id='word_1_2' title='bbox 955 327 982 400; x_wconf 85' lang='lat'><strong>9-</strong></span> 
     </span>
     <span class='ocr_line' id='line_1_2' title="bbox 92 444 1123 548; baseline -0.001 -19"><span class='ocrx_word' id='word_1_3' title='bbox 92 465 299 529; x_wconf 83' lang='lat' dir='ltr'><strong>intraverunt</strong></span> <span class='ocrx_word' id='word_1_4' title='bbox 321 463 533 527; x_wconf 83' lang='lat' dir='ltr'><strong>intinitatem</strong></span> <span class='ocrx_word' id='word_1_5' title='bbox 554 466 842 545; x_wconf 79' lang='lat' dir='ltr'><strong><em>Samaritanorum,</em></strong></span> <span class='ocrx_word' id='word_1_6' title='bbox 868 477 906 529; x_wconf 86' lang='lat' dir='ltr'><strong>ut</strong></span> <span class='ocrx_word' id='word_1_7' title='bbox 921 485 981 548; x_wconf 82' lang='lat' dir='ltr'><strong>pa·</strong></span> <span class='ocrx_word' id='word_1_8' title='bbox 1005 444 1123 510; x_wconf 61' lang='lat' dir='ltr'><strong>clm</strong></span> 
     </span>
     <span class='ocr_line' id='line_1_3' title="bbox 96 567 1099 666; baseline 0.001 -21"><span class='ocrx_word' id='word_1_9' title='bbox 96 595 205 645; x_wconf 84' lang='lat' dir='ltr'><strong>rorent</strong></span> <span class='ocrx_word' id='word_1_10' title='bbox 220 583 276 643; x_wconf 86' lang='lat' dir='ltr'><strong>illi.</strong></span> <span class='ocrx_word' id='word_1_11' title='bbox 329 581 370 644; x_wconf 84' lang='lat' dir='ltr'><strong>Et</strong></span> <span class='ocrx_word' id='word_1_12' title='bbox 390 600 449 643; x_wconf 84' lang='lat' dir='ltr'><strong>narr</strong></span> <span class='ocrx_word' id='word_1_13' title='bbox 473 597 646 664; x_wconf 77' lang='lat' dir='ltr'><strong>receperunt</strong></span> <span class='ocrx_word' id='word_1_14' title='bbox 668 603 756 661; x_wconf 88' lang='lat' dir='ltr'><strong>eum,</strong></span> <span class='ocrx_word' id='word_1_15' title='bbox 783 587 859 666; x_wconf 87' lang='lat' dir='ltr'><strong>quia</strong></span> <span class='ocrx_word' id='word_1_16' title='bbox 875 583 980 663; x_wconf 87' lang='lat' dir='ltr'><strong>facies</strong></span> <span class='ocrx_word' id='word_1_17' title='bbox 1025 567 1099 627; x_wconf 60' lang='lat' dir='ltr'><strong>CIX·</strong></span> 
     </span>
     <span class='ocr_line' id='line_1_4' title="bbox 96 681 1141 769; baseline 0 -7"><span class='ocrx_word' id='word_1_18' title='bbox 96 705 166 763; x_wconf 85' lang='lat' dir='ltr'><strong>eins</strong></span> <span class='ocrx_word' id='word_1_19' title='bbox 182 712 252 762; x_wconf 88' lang='lat' dir='ltr'><strong>erat</strong></span> <span class='ocrx_word' id='word_1_20' title='bbox 271 702 371 761; x_wconf 87' lang='lat' dir='ltr'><strong>euntis</strong></span> <span class='ocrx_word' id='word_1_21' title='bbox 389 700 422 760; x_wconf 89' lang='lat' dir='ltr'><strong>in</strong></span> <span class='ocrx_word' id='word_1_22' title='bbox 439 699 619 769; x_wconf 82' lang='lat' dir='ltr'><em>Jerusalem.</em></span> <span class='ocrx_word' id='word_1_23' title='bbox 662 689 866 764; x_wconf 87' lang='lat' dir='ltr'><strong>Samaritani</strong></span> <span class='ocrx_word' id='word_1_24' title='bbox 888 718 985 763; x_wconf 88' lang='lat' dir='ltr'><strong>nem·</strong></span> <span class='ocrx_word' id='word_1_25' title='bbox 1000 681 1141 745; x_wconf 56' lang='lat' dir='ltr'><strong>W*</strong></span> 
     </span>
     <span class='ocr_line' id='line_1_5' title="bbox 99 804 984 905; baseline 0 -24"><span class='ocrx_word' id='word_1_26' title='bbox 99 834 148 905; x_wconf 88' lang='lat' dir='ltr'><strong>pe</strong></span> <span class='ocrx_word' id='word_1_27' title='bbox 173 832 254 880; x_wconf 89' lang='lat' dir='ltr'><strong>cum</strong></span> <span class='ocrx_word' id='word_1_28' title='bbox 278 804 442 891; x_wconf 75' lang='lat' dir='ltr'><strong>viderent</strong></span> <span class='ocrx_word' id='word_1_29' title='bbox 466 806 648 879; x_wconf 86' lang='lat' dir='ltr'>Christum</span> <span class='ocrx_word' id='word_1_30' title='bbox 672 807 851 904; x_wconf 84' lang='lat' dir='ltr'><strong>religionis</strong></span> <span class='ocrx_word' id='word_1_31' title='bbox 878 833 984 881; x_wconf 88' lang='lat' dir='ltr'><strong>causa</strong></span> 
     </span>
     <span class='ocr_line' id='line_1_6' title="bbox 99 923 983 1021; baseline 0.001 -25"><span class='ocrx_word' id='word_1_32' title='bbox 99 950 251 1021; x_wconf 89' lang='lat' dir='ltr'>pergere</span> <span class='ocrx_word' id='word_1_33' title='bbox 267 923 553 1021; x_wconf 84' lang='lat' dir='ltr'><strong>Hierosolymam</strong></span> <span class='ocrx_word' id='word_1_34' title='bbox 568 926 612 996; x_wconf 84' lang='lat' dir='ltr'><strong>ad</strong></span> <span class='ocrx_word' id='word_1_35' title='bbox 627 927 873 1021; x_wconf 86' lang='lat' dir='ltr'><strong>propinquum</strong></span> <span class='ocrx_word' id='word_1_36' title='bbox 889 925 983 997; x_wconf 90' lang='lat' dir='ltr'><strong>diem</strong></span> 
     </span>
     <span class='ocr_line' id='line_1_7' title="bbox 99 1041 984 1140; baseline 0.006 -27"><span class='ocrx_word' id='word_1_37' title='bbox 99 1042 271 1140; x_wconf 83' lang='lat' dir='ltr'><strong>paschae,</strong></span> <span class='ocrx_word' id='word_1_38' title='bbox 308 1042 408 1138; x_wconf 93' lang='lat' dir='ltr'><strong>quod</strong></span> <span class='ocrx_word' id='word_1_39' title='bbox 439 1063 511 1114; x_wconf 85' lang='lat' dir='ltr'><strong>erat</strong></span> <span class='ocrx_word' id='word_1_40' title='bbox 540 1042 759 1138; x_wconf 81' lang='lat' dir='ltr'><strong>praecipuum</strong></span> <span class='ocrx_word' id='word_1_41' title='bbox 788 1041 984 1118; x_wconf 78' lang='lat' dir='ltr'><strong>schismatis</strong></span> 
     </span>
     <span class='ocr_line' id='line_1_8' title="bbox 100 1159 983 1258; baseline -0.001 -27"><span class='ocrx_word' id='word_1_42' title='bbox 100 1180 336 1255; x_wconf 44' lang='lat' dir='ltr'><strong>caput„eum</strong></span> <span class='ocrx_word' id='word_1_43' title='bbox 358 1184 433 1230; x_wconf 91' lang='lat' dir='ltr'><strong>non</strong></span> <span class='ocrx_word' id='word_1_44' title='bbox 450 1178 674 1254; x_wconf 87' lang='lat' dir='ltr'><strong>receperunt.</strong></span> <span class='ocrx_word' id='word_1_45' title='bbox 726 1159 903 1258; x_wconf 87' lang='lat' dir='ltr'><strong>Discipuli</strong></span> <span class='ocrx_word' id='word_1_46' title='bbox 924 1186 983 1231; x_wconf 89' lang='lat' dir='ltr'><strong>au·</strong></span> 
     </span>
    </p>

    <p class='ocr_par' dir='ltr' id='par_1_2' title="bbox 102 1276 984 1372">
     <span class='ocr_line' id='line_1_9' title="bbox 102 1276 984 1372; baseline -0.001 -23"><span class='ocrx_word' id='word_1_47' title='bbox 102 1295 172 1349; x_wconf 85' lang='lat' dir='ltr'><strong>tem</strong></span> <span class='ocrx_word' id='word_1_48' title='bbox 211 1276 329 1348; x_wconf 88' lang='lat' dir='ltr'><strong>nuncii</strong></span> <span class='ocrx_word' id='word_1_49' title='bbox 365 1276 636 1349; x_wconf 84' lang='lat' dir='ltr'><strong>exardescentes</strong></span> <span class='ocrx_word' id='word_1_50' title='bbox 666 1276 859 1350; x_wconf 87' lang='lat' dir='ltr'><strong>vindictam</strong></span> <span class='ocrx_word' id='word_1_51' title='bbox 889 1276 984 1372; x_wconf 82' lang='lat' dir='ltr'><strong>cogi-</strong></span> 
     </span>
    </p>

    <p class='ocr_par' dir='ltr' id='par_1_3' title="bbox 100 1393 984 1482">
     <span class='ocr_line' id='line_1_10' title="bbox 100 1393 984 1482; baseline 0 -16"><span class='ocrx_word' id='word_1_52' title='bbox 100 1412 198 1466; x_wconf 87' lang='lat' dir='ltr'><strong>tant:</strong></span> <span class='ocrx_word' id='word_1_53' title='bbox 227 1402 374 1482; x_wconf 72' lang='lat' dir='ltr'><strong>Domine,</strong></span> <span class='ocrx_word' id='word_1_54' title='bbox 395 1393 511 1480; x_wconf 74' lang='lat' dir='ltr'><strong>aiunt,</strong></span> <span class='ocrx_word' id='word_1_55' title='bbox 532 1404 745 1482; x_wconf 73' lang='lat' dir='ltr'><strong>visilianum,</strong></span> <span class='ocrx_word' id='word_1_56' title='bbox 771 1416 807 1466; x_wconf 90' lang='lat' dir='ltr'><strong>ut</strong></span> <span class='ocrx_word' id='word_1_57' title='bbox 824 1407 902 1480; x_wconf 79' lang='lat' dir='ltr'><strong>ignis</strong></span> <span class='ocrx_word' id='word_1_58' title='bbox 919 1405 984 1466; x_wconf 88' lang='lat' dir='ltr'><strong>des·</strong></span> 
     </span>
    </p>

    <p class='ocr_par' dir='ltr' id='par_1_4' title="bbox 98 1521 985 1720">
     <span class='ocr_line' id='line_1_11' title="bbox 99 1521 984 1598; baseline -0.002 -14"><span class='ocrx_word' id='word_1_59' title='bbox 99 1523 214 1584; x_wconf 72' lang='lat' dir='ltr'><strong>madae</strong></span> <span class='ocrx_word' id='word_1_60' title='bbox 236 1522 273 1583; x_wconf 88' lang='lat' dir='ltr'><strong>de</strong></span> <span class='ocrx_word' id='word_1_61' title='bbox 295 1521 385 1598; x_wconf 83' lang='lat' dir='ltr'><strong>calo,</strong></span> <span class='ocrx_word' id='word_1_62' title='bbox 412 1534 442 1582; x_wconf 91' lang='lat' dir='ltr'><strong>et</strong></span> <span class='ocrx_word' id='word_1_63' title='bbox 464 1535 624 1584; x_wconf 86' lang='lat' dir='ltr'><strong>consumat</strong></span> <span class='ocrx_word' id='word_1_64' title='bbox 643 1521 736 1585; x_wconf 74' lang='lat' dir='ltr'><strong>illas?</strong></span> <span class='ocrx_word' id='word_1_65' title='bbox 763 1535 794 1587; x_wconf 83' lang='lat' dir='ltr'><strong>et</strong></span> <span class='ocrx_word' id='word_1_66' title='bbox 821 1539 984 1583; x_wconf 86' lang='lat' dir='ltr'><strong>conuersus</strong></span> 
     </span>
     <span class='ocr_line' id='line_1_12' title="bbox 98 1638 985 1720; baseline -0.002 -18"><span class='ocrx_word' id='word_1_67' title='bbox 98 1638 392 1720; x_wconf 69' lang='lat' dir='ltr'><strong>increpantium,</strong></span> <span class='ocrx_word' id='word_1_68' title='bbox 419 1639 540 1699; x_wconf 81' lang='lat' dir='ltr'><strong>dicem:</strong></span> <span class='ocrx_word' id='word_1_69' title='bbox 572 1639 721 1716; x_wconf 88' lang='lat' dir='ltr'><strong>Nescitis,</strong></span> <span class='ocrx_word' id='word_1_70' title='bbox 749 1640 836 1701; x_wconf 90' lang='lat' dir='ltr'><strong>cuius</strong></span> <span class='ocrx_word' id='word_1_71' title='bbox 846 1638 985 1718; x_wconf 80' lang='lat' dir='ltr'><strong>spiritus</strong></span> 
     </span>
    </p>

    <p class='ocr_par' dir='ltr' id='par_1_5' title="bbox 87 1737 1042 2074">
     <span class='ocr_line' id='line_1_13' title="bbox 99 1737 1042 1835; baseline -0.004 -15"><span class='ocrx_word' id='word_1_72' title='bbox 99 1759 186 1834; x_wconf 68' lang='lat' dir='ltr'><strong>estin</strong></span> <span class='ocrx_word' id='word_1_73' title='bbox 198 1783 204 1825; x_wconf 84' lang='lat'><strong>.·</strong></span> <span class='ocrx_word' id='word_1_74' title='bbox 240 1754 335 1818; x_wconf 86' lang='lat' dir='ltr'><strong>Filius</strong></span> <span class='ocrx_word' id='word_1_75' title='bbox 356 1737 487 1820; x_wconf 76' lang='lat' dir='ltr'><strong>dominis</strong></span> <span class='ocrx_word' id='word_1_76' title='bbox 512 1758 682 1832; x_wconf 73' lang='lat' dir='ltr'><strong>annuerit</strong></span> <span class='ocrx_word' id='word_1_77' title='bbox 702 1758 831 1817; x_wconf 85' lang='lat' dir='ltr'><strong>animas.</strong></span> <span class='ocrx_word' id='word_1_78' title='bbox 836 1755 982 1835; x_wconf 79' lang='lat' dir='ltr'><strong>perdere,</strong></span> <span class='ocrx_word' id='word_1_79' title='bbox 1032 1740 1042 1761; x_wconf 70' lang='lat'>⁸</span> 
     </span>
     <span class='ocr_line' id='line_1_14' title="bbox 87 1860 984 1959; baseline 0 -25"><span class='ocrx_word' id='word_1_80' title='bbox 87 1870 299 1953; x_wconf 74' lang='lat' dir='ltr'><strong>fidsaloare.</strong></span> <span class='ocrx_word' id='word_1_81' title='bbox 338 1860 437 1955; x_wconf 85' lang='lat' dir='ltr'><strong>Quid</strong></span> <span class='ocrx_word' id='word_1_82' title='bbox 455 1862 694 1958; x_wconf 87' lang='lat' dir='ltr'><strong>opportunius</strong></span> <span class='ocrx_word' id='word_1_83' title='bbox 716 1883 800 1943; x_wconf 85' lang='lat' dir='ltr'><strong>tunc</strong></span> <span class='ocrx_word' id='word_1_84' title='bbox 817 1861 886 1935; x_wconf 89' lang='lat' dir='ltr'><strong>dici</strong></span> <span class='ocrx_word' id='word_1_85' title='bbox 904 1880 984 1959; x_wconf 90' lang='lat' dir='ltr'><strong>pot·</strong></span> 
     </span>
     <span class='ocr_line' id='line_1_15' title="bbox 102 1976 983 2074; baseline -0.001 -23"><span class='ocrx_word' id='word_1_86' title='bbox 102 1979 310 2066; x_wconf 86' lang='lat' dir='ltr'><strong>erat,·dum</strong></span> <span class='ocrx_word' id='word_1_87' title='bbox 332 1976 401 2051; x_wconf 87' lang='lat' dir='ltr'><strong>iam</strong></span> <span class='ocrx_word' id='word_1_88' title='bbox 426 1977 462 2048; x_wconf 88' lang='lat' dir='ltr'><strong>in</strong></span> <span class='ocrx_word' id='word_1_89' title='bbox 485 2005 529 2050; x_wconf 90' lang='lat' dir='ltr'><strong>eo</strong></span> <span class='ocrx_word' id='word_1_90' title='bbox 554 2000 642 2065; x_wconf 86' lang='lat' dir='ltr'><strong>erat,</strong></span> <span class='ocrx_word' id='word_1_91' title='bbox 671 1999 711 2052; x_wconf 93' lang='lat' dir='ltr'><strong>ut</strong></span> <span class='ocrx_word' id='word_1_92' title='bbox 730 2005 824 2074; x_wconf 93' lang='lat' dir='ltr'><strong>opus</strong></span> <span class='ocrx_word' id='word_1_93' title='bbox 846 1980 983 2051; x_wconf 89' lang='lat' dir='ltr'><strong>redem-</strong></span> 
     </span>
    </p>

    <p class='ocr_par' dir='ltr' id='par_1_6' title="bbox 99 2095 981 2192">
     <span class='ocr_line' id='line_1_16' title="bbox 99 2095 981 2192; baseline 0 -24"><span class='ocrx_word' id='word_1_94' title='bbox 99 2096 208 2169; x_wconf 88' lang='lat' dir='ltr'><strong>tionis</strong></span> <span class='ocrx_word' id='word_1_95' title='bbox 241 2114 370 2168; x_wconf 83' lang='lat' dir='ltr'><strong>nostrae</strong></span> <span class='ocrx_word' id='word_1_96' title='bbox 400 2095 659 2192; x_wconf 87' lang='lat' dir='ltr'><strong>Hierosolymis</strong></span> <span class='ocrx_word' id='word_1_97' title='bbox 695 2116 981 2184; x_wconf 83' lang='lat' dir='ltr'><strong>consummaret3</strong></span> 
     </span>
    </p>

    <p class='ocr_par' dir='ltr' id='par_1_7' title="bbox 100 2211 983 2309">
     <span class='ocr_line' id='line_1_17' title="bbox 100 2211 983 2309; baseline 0.001 -25"><span class='ocrx_word' id='word_1_98' title='bbox 100 2213 186 2309; x_wconf 85' lang='lat' dir='ltr'><strong>igne</strong></span> <span class='ocrx_word' id='word_1_99' title='bbox 210 2211 273 2284; x_wconf 90' lang='lat' dir='ltr'><strong>illo</strong></span> <span class='ocrx_word' id='word_1_100' title='bbox 299 2212 344 2283; x_wconf 88' lang='lat' dir='ltr'><strong>de</strong></span> <span class='ocrx_word' id='word_1_101' title='bbox 370 2215 463 2285; x_wconf 90' lang='lat' dir='ltr'><strong>coelo</strong></span> <span class='ocrx_word' id='word_1_102' title='bbox 490 2214 535 2284; x_wconf 91' lang='lat' dir='ltr'><strong>ad</strong></span> <span class='ocrx_word' id='word_1_103' title='bbox 565 2213 759 2288; x_wconf 82' lang='lat' dir='ltr'><strong>secundum</strong></span> <span class='ocrx_word' id='word_1_104' title='bbox 786 2214 983 2288; x_wconf 86' lang='lat' dir='ltr'><strong>adventum</strong></span> 
     </span>
    </p>

    <p class='ocr_par' dir='ltr' id='par_1_8' title="bbox 101 2329 984 2536">
     <span class='ocr_line' id='line_1_18' title="bbox 101 2329 981 2426; baseline -0.003 -22"><span class='ocrx_word' id='word_1_105' title='bbox 101 2333 203 2404; x_wconf 80' lang='lat' dir='ltr'><strong>suum</strong></span> <span class='ocrx_word' id='word_1_106' title='bbox 225 2329 346 2402; x_wconf 85' lang='lat' dir='ltr'><strong>dilato.</strong></span> <span class='ocrx_word' id='word_1_107' title='bbox 374 2329 475 2400; x_wconf 90' lang='lat' dir='ltr'><strong>Alius</strong></span> <span class='ocrx_word' id='word_1_108' title='bbox 494 2330 613 2425; x_wconf 86' lang='lat' dir='ltr'><strong>itaque</strong></span> <span class='ocrx_word' id='word_1_109' title='bbox 631 2330 720 2426; x_wconf 84' lang='lat' dir='ltr'><strong>ignis</strong></span> <span class='ocrx_word' id='word_1_110' title='bbox 737 2331 817 2416; x_wconf 85' lang='lat' dir='ltr'><strong>fuit,</strong></span> <span class='ocrx_word' id='word_1_111' title='bbox 844 2331 981 2426; x_wconf 91' lang='lat' dir='ltr'><strong>dequo</strong></span> 
     </span>
     <span class='ocr_line' id='line_1_19' title="bbox 105 2443 984 2536; baseline -0.002 -16"><span class='ocrx_word' id='word_1_112' title='bbox 105 2448 269 2520; x_wconf 87' lang='lat' dir='ltr'><strong>Christus</strong></span> <span class='ocrx_word' id='word_1_113' title='bbox 290 2443 349 2536; x_wconf 88' lang='lat' dir='ltr'><strong>a):</strong></span> <span class='ocrx_word' id='word_1_114' title='bbox 378 2457 480 2533; x_wconf 76' lang='lat' dir='ltr'><strong>Ignem</strong></span> <span class='ocrx_word' id='word_1_115' title='bbox 505 2461 576 2523; x_wconf 86' lang='lat' dir='ltr'><strong>veni</strong></span> <span class='ocrx_word' id='word_1_116' title='bbox 597 2450 717 2522; x_wconf 79' lang='lat' dir='ltr'><strong>mittere</strong></span> <span class='ocrx_word' id='word_1_117' title='bbox 738 2461 771 2520; x_wconf 88' lang='lat' dir='ltr'><strong>in</strong></span> <span class='ocrx_word' id='word_1_118' title='bbox 791 2470 924 2534; x_wconf 86' lang='lat' dir='ltr'><strong>terram,</strong></span> <span class='ocrx_word' id='word_1_119' title='bbox 940 2468 984 2518; x_wconf 21' lang='lat' dir='ltr'><strong>ret</strong></span> 
     </span>
    </p>

    <p class='ocr_par' dir='ltr' id='par_1_9' title="bbox 100 2564 1069 2779">
     <span class='ocr_line' id='line_1_20' title="bbox 102 2564 1069 2658; baseline 0.002 -24"><span class='ocrx_word' id='word_1_120' title='bbox 102 2566 183 2658; x_wconf 77' lang='lat' dir='ltr'><strong>quid</strong></span> <span class='ocrx_word' id='word_1_121' title='bbox 197 2573 287 2646; x_wconf 79' lang='lat' dir='ltr'><strong>nolo,</strong></span> <span class='ocrx_word' id='word_1_122' title='bbox 315 2576 374 2634; x_wconf 85' lang='lat' dir='ltr'><strong>nisi</strong></span> <span class='ocrx_word' id='word_1_123' title='bbox 399 2586 435 2635; x_wconf 88' lang='lat' dir='ltr'><strong>ut</strong></span> <span class='ocrx_word' id='word_1_124' title='bbox 459 2575 667 2639; x_wconf 73' lang='lat' dir='ltr'><strong>accendatur?</strong></span> <span class='ocrx_word' id='word_1_125' title='bbox 695 2565 821 2637; x_wconf 83' lang='lat' dir='ltr'><strong>ardens</strong></span> <span class='ocrx_word' id='word_1_126' title='bbox 846 2564 983 2636; x_wconf 86' lang='lat' dir='ltr'><strong>deside·</strong></span> <span class='ocrx_word' id='word_1_127' title='bbox 1067 2609 1069 2615; x_wconf 94' lang='lat'>·</span> 
     </span>
     <span class='ocr_line' id='line_1_21' title="bbox 100 2679 982 2779; baseline 0.001 -26"><span class='ocrx_word' id='word_1_128' title='bbox 100 2680 195 2757; x_wconf 85' lang='lat' dir='ltr'><strong>rium</strong></span> <span class='ocrx_word' id='word_1_129' title='bbox 218 2679 327 2751; x_wconf 82' lang='lat' dir='ltr'><strong>animi</strong></span> <span class='ocrx_word' id='word_1_130' title='bbox 350 2681 570 2776; x_wconf 83' lang='lat' dir='ltr'><strong>fignificans,</strong></span> <span class='ocrx_word' id='word_1_131' title='bbox 596 2709 668 2779; x_wconf 92' lang='lat' dir='ltr'><strong>quo</strong></span> <span class='ocrx_word' id='word_1_132' title='bbox 690 2684 748 2757; x_wconf 87' lang='lat' dir='ltr'><strong>hic</strong></span> <span class='ocrx_word' id='word_1_133' title='bbox 770 2683 982 2778; x_wconf 83' lang='lat' dir='ltr'><strong>flagrantem</strong></span> 
     </span>
    </p>

    <p class='ocr_par' dir='ltr' id='par_1_10' title="bbox 102 2791 982 2887">
     <span class='ocr_line' id='line_1_22' title="bbox 102 2791 982 2887; baseline 0.001 -16"><span class='ocrx_word' id='word_1_134' title='bbox 102 2825 143 2871; x_wconf 75' lang='lat' dir='ltr'><strong>se</strong></span> <span class='ocrx_word' id='word_1_135' title='bbox 160 2799 335 2887; x_wconf 85' lang='lat' dir='ltr'><strong>ostendit,</strong></span> <span class='ocrx_word' id='word_1_136' title='bbox 354 2799 438 2869; x_wconf 88' lang='lat' dir='ltr'><strong>dum</strong></span> <span class='ocrx_word' id='word_1_137' title='bbox 447 2809 671 2887; x_wconf 80' lang='lat' dir='ltr'><strong>saciemfieam</strong></span> <span class='ocrx_word' id='word_1_138' title='bbox 682 2791 845 2887; x_wconf 73' lang='lat' dir='ltr'><strong>firmavit,</strong></span> <span class='ocrx_word' id='word_1_139' title='bbox 870 2821 906 2872; x_wconf 80' lang='lat' dir='ltr'><strong>ut</strong></span> <span class='ocrx_word' id='word_1_140' title='bbox 921 2813 982 2872; x_wconf 77' lang='lat' dir='ltr'><strong>iret</strong></span> 
     </span>
    </p>

    <p class='ocr_par' dir='ltr' id='par_1_11' title="bbox 102 2915 988 3367">
     <span class='ocr_line' id='line_1_23' title="bbox 102 2915 986 3001; baseline 0.001 -13"><span class='ocrx_word' id='word_1_141' title='bbox 102 2928 135 2988; x_wconf 81' lang='lat' dir='ltr'><strong>in</strong></span> <span class='ocrx_word' id='word_1_142' title='bbox 152 2925 341 3001; x_wconf 85' lang='lat' dir='ltr'><strong>Jerusalem,</strong></span> <span class='ocrx_word' id='word_1_143' title='bbox 365 2915 570 2992; x_wconf 85' lang='lat' dir='ltr'><strong>immensam</strong></span> <span class='ocrx_word' id='word_1_144' title='bbox 590 2918 793 2990; x_wconf 89' lang='lat' dir='ltr'><strong>charitatem</strong></span> <span class='ocrx_word' id='word_1_145' title='bbox 812 2917 906 2989; x_wconf 87' lang='lat' dir='ltr'><strong>suam</strong></span> <span class='ocrx_word' id='word_1_146' title='bbox 926 2917 986 2989; x_wconf 84' lang='lat' dir='ltr'><strong>de·</strong></span> 
     </span>
     <span class='ocr_line' id='line_1_24' title="bbox 105 3035 986 3131; baseline 0.007 -27"><span class='ocrx_word' id='word_1_147' title='bbox 105 3053 360 3105; x_wconf 87' lang='lat' dir='ltr'><strong>monstraturus</strong></span> <span class='ocrx_word' id='word_1_148' title='bbox 397 3059 478 3129; x_wconf 85' lang='lat' dir='ltr'><strong>erga</strong></span> <span class='ocrx_word' id='word_1_149' title='bbox 513 3059 626 3130; x_wconf 84' lang='lat' dir='ltr'><strong>genus</strong></span> <span class='ocrx_word' id='word_1_150' title='bbox 656 3035 879 3122; x_wconf 88' lang='lat' dir='ltr'><strong>humanum,</strong></span> <span class='ocrx_word' id='word_1_151' title='bbox 914 3060 986 3131; x_wconf 78' lang='lat' dir='ltr'><strong>qua</strong></span> 
     </span>
     <span class='ocr_line' id='line_1_25' title="bbox 106 3141 988 3246; baseline 0.005 -25"><span class='ocrx_word' id='word_1_152' title='bbox 106 3162 271 3236; x_wconf 86' lang='lat' dir='ltr'><strong>maiorem,</strong></span> <span class='ocrx_word' id='word_1_153' title='bbox 298 3149 408 3246; x_wconf 87' lang='lat' dir='ltr'><strong>ipsius</strong></span> <span class='ocrx_word' id='word_1_154' title='bbox 432 3141 556 3238; x_wconf 78' lang='lat' dir='ltr'><strong>effata,</strong></span> <span class='ocrx_word' id='word_1_155' title='bbox 585 3162 805 3240; x_wconf 67' lang='lat' dir='ltr'><strong>armaliolum,</strong></span> <span class='ocrx_word' id='word_1_156' title='bbox 833 3181 928 3245; x_wconf 81' lang='lat' dir='ltr'><strong>quam</strong></span> <span class='ocrx_word' id='word_1_157' title='bbox 950 3175 988 3226; x_wconf 82' lang='lat' dir='ltr'><strong>ut</strong></span> 
     </span>
     <span class='ocr_line' id='line_1_26' title="bbox 104 3270 987 3367; baseline 0.008 -30"><span class='ocrx_word' id='word_1_158' title='bbox 104 3279 242 3337; x_wconf 74' lang='lat' dir='ltr'><strong>azimam</strong></span> <span class='ocrx_word' id='word_1_159' title='bbox 251 3275 348 3356; x_wconf 74' lang='lat' dir='ltr'><strong>fleam</strong></span> <span class='ocrx_word' id='word_1_160' title='bbox 360 3290 462 3358; x_wconf 78' lang='lat' dir='ltr'><strong>ponar</strong></span> <span class='ocrx_word' id='word_1_161' title='bbox 480 3281 549 3360; x_wconf 84' lang='lat' dir='ltr'><strong>quis</strong></span> <span class='ocrx_word' id='word_1_162' title='bbox 560 3297 622 3362; x_wconf 78' lang='lat' dir='ltr'><strong>pro</strong></span> <span class='ocrx_word' id='word_1_163' title='bbox 642 3281 750 3341; x_wconf 87' lang='lat' dir='ltr'><strong>amicis</strong></span> <span class='ocrx_word' id='word_1_164' title='bbox 764 3276 855 3363; x_wconf 83' lang='lat' dir='ltr'><strong>suis,</strong></span> <span class='ocrx_word' id='word_1_165' title='bbox 883 3270 987 3367; x_wconf 87' lang='lat' dir='ltr'><strong>quod</strong></span> 
     </span>
    </p>

    <p class='ocr_par' dir='ltr' id='par_1_12' title="bbox 105 3381 988 3484">
     <span class='ocr_line' id='line_1_27' title="bbox 105 3381 988 3484; baseline 0.009 -31"><span class='ocrx_word' id='word_1_166' title='bbox 105 3381 136 3454; x_wconf 90' lang='lat' dir='ltr'><strong>is</strong></span> <span class='ocrx_word' id='word_1_167' title='bbox 160 3409 228 3480; x_wconf 93' lang='lat' dir='ltr'><strong>pro</strong></span> <span class='ocrx_word' id='word_1_168' title='bbox 253 3384 358 3457; x_wconf 89' lang='lat' dir='ltr'><strong>nobis</strong></span> <span class='ocrx_word' id='word_1_169' title='bbox 380 3385 522 3483; x_wconf 88' lang='lat' dir='ltr'><strong>insuper</strong></span> <span class='ocrx_word' id='word_1_170' title='bbox 539 3386 799 3481; x_wconf 72' lang='lat' dir='ltr'><strong>fecitinimicis.</strong></span> <span class='ocrx_word' id='word_1_171' title='bbox 840 3388 988 3484; x_wconf 89' lang='lat' dir='ltr'><strong>Ecquid</strong></span> 
     </span>
    </p>

    <p class='ocr_par' dir='ltr' id='par_1_13' title="bbox 108 3488 1095 3599">
     <span class='ocr_line' id='line_1_28' title="bbox 108 3488 1095 3599; baseline 0.003 -26"><span class='ocrx_word' id='word_1_172' title='bbox 108 3524 193 3573; x_wconf 91' lang='lat' dir='ltr'><strong>vero</strong></span> <span class='ocrx_word' id='word_1_173' title='bbox 217 3501 284 3572; x_wconf 87' lang='lat' dir='ltr'><strong>iam</strong></span> <span class='ocrx_word' id='word_1_174' title='bbox 306 3503 517 3599; x_wconf 86' lang='lat' dir='ltr'><strong>sperandum</strong></span> <span class='ocrx_word' id='word_1_175' title='bbox 542 3503 646 3576; x_wconf 91' lang='lat' dir='ltr'><strong>nobis</strong></span> <span class='ocrx_word' id='word_1_176' title='bbox 667 3504 713 3576; x_wconf 90' lang='lat' dir='ltr'><strong>ab</strong></span> <span class='ocrx_word' id='word_1_177' title='bbox 732 3532 775 3577; x_wconf 91' lang='lat' dir='ltr'><strong>eo</strong></span> <span class='ocrx_word' id='word_1_178' title='bbox 794 3527 846 3579; x_wconf 87' lang='lat' dir='ltr'><strong>est</strong></span> <span class='ocrx_word' id='word_1_179' title='bbox 863 3531 990 3579; x_wconf 88' lang='lat' dir='ltr'><strong>recon·</strong></span> <span class='ocrx_word' id='word_1_180' title='bbox 1088 3488 1095 3511; x_wconf 61' lang='lat'>⁸</span> 
     </span>
    </p>
   </div>
   <div class='ocr_carea' id='block_1_2' title="bbox 54 3617 995 3948">
    <p class='ocr_par' dir='ltr' id='par_1_14' title="bbox 54 3617 995 3948">
     <span class='ocr_line' id='line_1_29' title="bbox 110 3617 995 3717; baseline 0.008 -28"><span class='ocrx_word' id='word_1_181' title='bbox 110 3617 257 3691; x_wconf 85' lang='lat' dir='ltr'><strong>ciliatis?</strong></span> <span class='ocrx_word' id='word_1_182' title='bbox 277 3629 309 3690; x_wconf 88' lang='lat' dir='ltr'><strong>Si</strong></span> <span class='ocrx_word' id='word_1_183' title='bbox 321 3632 399 3691; x_wconf 88' lang='lat' dir='ltr'><strong>enim</strong></span> <span class='ocrx_word' id='word_1_184' title='bbox 414 3626 481 3693; x_wconf 86' lang='lat' dir='ltr'><strong>cum</strong></span> <span class='ocrx_word' id='word_1_185' title='bbox 498 3634 615 3698; x_wconf 84' lang='lat' dir='ltr'><strong>inimici</strong></span> <span class='ocrx_word' id='word_1_186' title='bbox 634 3651 781 3710; x_wconf 86' lang='lat' dir='ltr'><strong>essemus,</strong></span> <span class='ocrx_word' id='word_1_187' title='bbox 798 3635 995 3717; x_wconf 83' lang='lat' dir='ltr'><strong>reconciliati</strong></span> 
     </span>
     <span class='ocr_line' id='line_1_30' title="bbox 54 3743 989 3828; baseline 0.009 -24"><span class='ocrx_word' id='word_1_188' title='bbox 54 3770 58 3781; x_wconf 91' lang='lat'>·</span> <span class='ocrx_word' id='word_1_189' title='bbox 100 3743 208 3822; x_wconf 74' lang='lat' dir='ltr'><strong>sumus</strong></span> <span class='ocrx_word' id='word_1_190' title='bbox 235 3745 301 3808; x_wconf 91' lang='lat' dir='ltr'><strong>Deo</strong></span> <span class='ocrx_word' id='word_1_191' title='bbox 320 3757 531 3828; x_wconf 81' lang='lat' dir='ltr'><strong>per&#39;mortem</strong></span> <span class='ocrx_word' id='word_1_192' title='bbox 555 3749 629 3812; x_wconf 81' lang='lat' dir='ltr'><strong>Filii</strong></span> <span class='ocrx_word' id='word_1_193' title='bbox 651 3753 737 3813; x_wconf 83' lang='lat' dir='ltr'><strong>eius:</strong></span> <span class='ocrx_word' id='word_1_194' title='bbox 767 3751 989 3828; x_wconf 78' lang='lat' dir='ltr'><strong>multomagis</strong></span> 
     </span>
     <span class='ocr_line' id='line_1_31' title="bbox 111 3854 883 3948; baseline 0.005 -25"><span class='ocrx_word' id='word_1_195' title='bbox 111 3865 312 3940; x_wconf 83' lang='lat' dir='ltr'><strong>reconciliati,</strong></span> <span class='ocrx_word' id='word_1_196' title='bbox 323 3861 421 3942; x_wconf 81' lang='lat' dir='ltr'><strong>salai</strong></span> <span class='ocrx_word' id='word_1_197' title='bbox 438 3868 550 3927; x_wconf 88' lang='lat' dir='ltr'><strong>erimus</strong></span> <span class='ocrx_word' id='word_1_198' title='bbox 569 3869 602 3928; x_wconf 90' lang='lat' dir='ltr'><strong>in</strong></span> <span class='ocrx_word' id='word_1_199' title='bbox 624 3870 696 3928; x_wconf 86' lang='lat' dir='ltr'><strong>uita</strong></span> <span class='ocrx_word' id='word_1_200' title='bbox 716 3871 813 3948; x_wconf 66' lang='grc' dir='ltr'><strong>ἱρείας</strong></span> <span class='ocrx_word' id='word_1_201' title='bbox 835 3854 883 3947; x_wconf 84' lang='lat' dir='ltr'><strong>b).</strong></span> 
     </span>
    </p>
   </div>
   <div class='ocr_carea' id='block_1_3' title="bbox 138 3996 734 4075">
    <p class='ocr_par' dir='ltr' id='par_1_15' title="bbox 138 3996 734 4075">
     <span class='ocr_line' id='line_1_32' title="bbox 138 3996 734 4075; baseline 0.018 -21"><span class='ocrx_word' id='word_1_202' title='bbox 138 3996 170 4070; x_wconf 77' lang='lat' dir='ltr'><strong>e)</strong></span> <span class='ocrx_word' id='word_1_203' title='bbox 186 4001 251 4058; x_wconf 77' lang='lat' dir='ltr'><strong>zue.</strong></span> <span class='ocrx_word' id='word_1_204' title='bbox 272 4001 345 4058; x_wconf 88' lang='lat' dir='ltr'><strong><em>XII.</em></strong></span> <span class='ocrx_word' id='word_1_205' title='bbox 364 4014 408 4070; x_wconf 85' lang='lat'><strong>49.</strong></span> <span class='ocrx_word' id='word_1_206' title='bbox 488 3998 519 4075; x_wconf 75' lang='lat' dir='ltr'><strong>b)</strong></span> <span class='ocrx_word' id='word_1_207' title='bbox 538 4003 615 4066; x_wconf 79' lang='lat' dir='ltr'><strong>Ram.</strong></span> <span class='ocrx_word' id='word_1_208' title='bbox 638 4005 671 4062; x_wconf 87' lang='lat' dir='ltr'><strong>V.</strong></span> <span class='ocrx_word' id='word_1_209' title='bbox 693 4020 734 4065; x_wconf 62' lang='grc' dir='ltr'><strong>ιο,</strong></span> 
     </span>
    </p>
   </div>
   <div class='ocr_carea' id='block_1_4' title="bbox 0 0 1247 4568">
    <p class='ocr_par' dir='ltr' id='par_1_16' title="bbox 0 0 1247 4568">
     <span class='ocr_line' id='line_1_33' title="bbox 0 0 1247 4568; baseline 0 0"><span class='ocrx_word' id='word_1_210' title='bbox 0 0 1247 4568; x_wconf 95' lang='lat' dir='ltr'><strong> </strong></span> 
     </span>
    </p>
   </div>
  </div>
 </body>
</html>
