2474 4568
307 289 357 375 76
562 280 866 338 ‘²2

158 433 274 521 01¹⁰?
385 434 470 509 Haec
493 432 598 530 igitur
619 455 670 506 εει
691 439 751 507 lex
775 435 832 506 illa
856 430 1030 505 charitatis
1052 431 1188 508 diffusis

37 629 41 637 Ι
153 553 284 610 cxxlll.
308 551 354 626 in'
374 553 542 627 cordibus
567 551 693 624 nostris
720 552 879 625 omnium
902 549 1188 624 sublimissimum

154 669 638 765 Wvdivinissimumque
679 668 808 741 amoris
845 667 1074 764 diviniferga
1119 696 1185 741 nos

141 793 297 919 guavede-
312 807 581 882 argumentum,
616 786 651 856 in
679 808 751 881 qua
776 784 940 858 universa
964 788 1025 858 lex
1055 785 1187 881 pendet

142 871 275 988 ilelctssgtgr
313 924 348 977 et
368 905 570 999 prophetie,
598 896 719 998 estque
738 902 815 998 ipsa
832 906 890 973 lex
912 902 1029 997 gratiae
1049 902 1084 972 in
1112 901 1186 997 ipsa

144 999 226 1115 besti.
312 1021 548 1093 delectatione
574 1019 692 1092 cordis
719 1019 853 1105 nostri,
879 1018 917 1089 id
942 1039 1014 1105 est,
1041 1045 1183 1090 amore:

310 1188 333 1224 ,‚
345 1136 538 1224 Trahitur,
570 1136 618 1208 ait
648 1136 680 1207 S.
712 1134 932 1231 Augustinus
960 1132 1020 1224 a),
1053 1136 1186 1207 animus

289 1254 347 1327 ἐι
367 1278 496 1324 amore.
555 1251 637 1324 Nec
661 1252 782 1325 timere
805 1253 993 1340 debemus,
1022 1278 1067 1323 ue
1097 1252 1188 1323 dica·

309 1387 368 1440 tur
396 1368 520 1456 nobis,
557 1370 744 1464 quomodo
773 1373 956 1442 voluntate
989 1369 1123 1455 credo,
1160 1367 1187 1440 si

309 1487 459 1557 trahor?
498 1485 579 1580 Ego
606 1487 713 1557 dico:
748 1486 877 1558 Parum
903 1506 955 1559 est
978 1489 1185 1571 voluntate,

310 1601 415 1674 etiam
449 1605 634 1698 voluptate
662 1601 820 1675 traheris.
863 1602 983 1695 Quid
1014 1621 1067 1674 est
1100 1601 1187 1675 trahi

309 1721 525 1814 voluptate:
569 1729 736 1791 'Delecture
774 1731 808 1790 in
851 1728 984 1790 Domino
1028 1740 1058 1791 et
1103 1729 1188 1791 dabit

311 1845 369 1906 tibi
405 1847 573 1923 petitiones
615 1846 713 1907 cordis
756 1849 813 1908 tui.
886 1836 980 1908 'Est
1026 1822 1188 1931 quaedam

308 1954 476 2047 voluptas
509 1952 644 2038 cordis,
681 1951 741 2024 oui
766 1952 866 2049 panis
897 1952 1010 2024 dulcis
1046 1971 1099 2024 εει
1130 1952 1188 2025 ille

308 2069 457 2140 coelestis
482 2072 580 2140 etc.“
643 2068 730 2141 Hunc
761 2091 814 2141 εει
842 2073 900 2141 lex
933 2066 1112 2142 charitatis
1143 2069 1187 2140 de

307 2209 379 2280 qua
399 2185 494 2256 idem
518 2186 563 2256 de
591 2206 661 2257 nat.
685 2206 719 2258 et
739 2207 826 2280 grat.
850 2213 878 2258 c.
903 2190 961 2277 69.
988 2185 1190 2272 „Conver-

305 2325 364 2372 sus
388 2327 494 2396 ergo,
522 2301 657 2396 iuquit,
685 2301 856 2397 quisque,
884 2302 970 2375 ficut
993 2301 1042 2372 ibi
1065 2297 1189 2398 p'raeci·

307 2416 423 2514 pitur,
462 2418 509 2506 ad
533 2417 733 2490 Dominum
760 2418 882 2490 Deum
909 2420 1010 2491 suum
1037 2445 1083 2490 ex
1109 2438 1187 2491 toto

309 2536 418 2606 corde
439 2537 520 2622 luo,
543 2555 577 2606 et
595 2561 640 2606 ex
658 2554 733 2608 tota
752 2538 868 2608 anima
886 2537 960 2622 lua,
980 2537 1187 2608 mandatum

308 2648 383 2734 Dei
415 2668 499 2723 non·
523 2651 630 2723 habet
662 2672 781 2746 grave.
855 2653 1055 2744 Quomodo
1093 2653 1188 2725 euim

308 2794 435 2863 grave,
464 2793 544 2841 cum
568 2767 608 2837 fit
628 2767 827 2840 dilectionis
849 2771 1083 2843 mandatum?
1110 2770 1188 2867 Aut

308 2884 404 2956 enim
434 2882 584 2979 quisque
614 2909 689 2954 non
723 2883 857 2979 diligit,
898 2906 933 2958 ει
963 2885 1046 2958 ideo
1077 2870 1186 2980 grand

308 3019 381 3071 est:
410 3019 470 3070 aut
495 2999 627 3095 diligit,
655 3018 691 3072 et
714 3025 823 3097 grave
852 3027 927 3073 esse
953 3027 1027 3073 non
1052 3020 1182 3098 potest

307 3115 437 3211 Diligit
471 3139 611 3205 autem,
652 3118 701 3205 si,
739 3120 838 3215 quod
869 3119 939 3190 illic
973 3120 1185 3191 admonetur

299 3233 433 3320 lsrael,
451 3260 645 3308 conversus
663 3235 767 3308 luerit
784 3236 829 3308 ad
843 3234 1044 3307 Dominum
1059 3235 1184 3309 Deum

305 3351 423 3437 fuum,
452 3378 498 3423 ex
520 3372 597 3425 toto
616 3354 725 3425 corde
740 3354 827 3453 luo,
855 3371 890 3424 et
912 3378 955 3424 en
969 3361 1052 3424 'tota
1069 3334 1184 3426 anima

285 3466 413 3549 ¹,suaf‘
471 3466 633 3564 ‘Legitur
663 3466 812 3540 Denter.
842 3467 906 3540 Vl.
938 3493 973 3556 4.
1002 3471 1062 3541 lex
1096 3470 1182 3543 illa:

305 3593 392 3653 Audi
422 3594 520 3673 Isruel
532 3641 542 3672 ‚
581 3594 730 3659 Dominus
759 3595 843 3656 Dens
872 3606 994 3673 noster,
1032 3595 1184 3656 Dominus

304 3693 383 3773 unus
400 3723 454 3772 est.
507 3709 622 3787 Diliges
648 3711 814 3782 Dominum
835 3711 1044 3774 Deumtuum
1061 3684 1100 3775 eit
1119 3723 1184 3774 toto

305 3828 484 3919 cordetuo,
511 3845 550 3891 ex
572 3818 766 3894 tutamina
788 3843 867 3908 tuo,
893 3839 982 3890 etex
1007 3808 1183 3910 totasortiss

203 3936 259 4038 sp
338 3960 735 4033 ae)1n10an·XXH·n·2·
840 3994 843 3999 -
