2474 4568
424 214 690 306 -““““--·“’
816 292 822 301 ,
896 247 970 342 '433

86 395 370 496 'sacratiusque
359 397 541 485 innotuit,
583 418 722 473 etcum
749 394 786 472 in
817 418 973 498 paternae
1001 398 1117 464 Cam

87 499 285 574 Tmaiestatis
316 498 463 595 gloriam
490 527 526 572 se
554 499 709 596 recepit,
745 520 780 573 et
804 501 1140 580 ineffabiliclxxxu

96 603 210 674 modo
230 601 339 696 coepit
358 625 432 672 esse
453 601 633 672 divinitate
656 601 886 696 praesentior,
911 606 1137 702 quiqu

94 704 212 778 factus
244 720 295 772 est
321 700 534 771 humanitate
561 702 801 796 longinquior.
814 704 836 739 ‘⁶
894 703 990 776 Nos
1038 763 1041 769 .

63 859 66 867 .
96 802 164 874 ista
192 804 362 883 attinent,
391 801 452 894 qui
477 801 647 894 apostolis
672 802 748 873 haec
771 800 977 876 videntibus

100 923 136 974 et
177 898 470 974 attestantibus
461 921 706 972 mennctanter
742 902 983 991 credidimus,

94 1003 211 1086 dum,
238 1018 277 1074 ut
298 1000 391 1071 idem
416 999 485 1071 iam
514 1025 614 1097 antea
635 1001 772 1073 dixerat
792 1001 827 1072 in
852 1004 982 1075 eodem

96 1104 285 1188 sermone,
320 1098 483 1185 „visioni
512 1100 672 1172 doctrina
705 1102 892 1190 successit,
925 1130 984 1176 cu·
1021 1113 1027 1121 '

96 1202 154 1276 ius
189 1200 431 1274 auctoritatem
460 1200 618 1294 supernis
653 1201 845 1273 illuminata
876 1203 982 1276 radiis

98 1300 317 1376 credentium
357 1301 465 1372 corda
500 1301 737 1394 sequerentur.
801 1300 904 1376 Hanc
942 1304 981 1376 fi·

99 1404 182 1474 dem
212 1399 418 1473 ascensione
445 1399 596 1472 Domini
626 1421 787 1488 auctam,
820 1422 855 1473 et
880 1403 984 1499 Spiri-

100 1523 158 1576 tus
176 1502 292 1577 lancti
304 1527 448 1572 munere
469 1501 694 1586 roboratam,
721 1528 793 1573 ιιοιι
818 1498 982 1591 vincula,

100 1630 176 1716 non
200 1625 376 1687 carceres,
404 1601 624 1686 nonexilia,
652 1626 725 1672 non
747 1603 878 1689 fames,
907 1629 984 1676 non

96 1701 215 1800 ignis,
244 1727 316 1774 non
341 1701 488 1774 laniatus
509 1702 682 1788 ferarum,
710 1728 784 1773 non
811 1705 984 1798 exquisita

99 1801 385 1901 persequentium
421 1801 682 1873 crudelitatibus
717 1803 889 1899 supplicia
918 1826 994 1878 ter··

98 1922 257 1976 ruerunt.
309 1899 380 1971 Pro
404 1901 469 1970 hac
489 1901 560 1970 fide
581 1927 644 1995 per
662 1929 867 1975 urrrversum
883 1931 984 1978 mun·

99 2005 210 2090 dum,
237 2026 310 2072 non
339 2000 502 2070 solum
479 1999 567 2084 viri,
594 2000 655 2070 sed
685 2002 785 2071 etiam
819 2004 984 2092 feminae,

99 2130 168 2176 nec
196 2099 512 2195 tautumyimpubes
535 2101 656 2193 pueri,
684 2100 867 2172 sedetiam
890 2123 986 2175 tene-

101 2229 149 2283 rae
173 2201 329 2297 virgines
356 2225 468 2294 usque
495 2200 539 2271 ad
571 2197 782 2271 effusionem
806 2203 985 2296 sanguinis

103 2305 341 2376 decertarunt.
393 2300 477 2392 Haec
494 2300 583 2370 fides
602 2301 776 2371 daemonia
797 2302 921 2393 eiecit,
943 2327 986 2374 ae·

103 2403 299 2501 gritudines
319 2401 473 2498 depulit,
493 2421 653 2474 mortuos
672 2400 851 2475 suscitavit
868 2406 966 2474 etc.“

94 2662 99 2669 .
181 2601 417 2696 Posteaquam
446 2596 586 2674 elevatis
613 2597 776 2673 manibus
801 2584 986 2677 benedixit

104 2675 204 2778 lesus
236 2703 439 2816 discipulis,
475 2702 796 2796 benedicendoque
827 2704 1000 2803 recedit,

106 2803 338 2879 absentiam
330 2803 438 2904 rpsius
468 2826 539 2873 non
565 2802 720 2874 sentiunt
745 2804 818 2889 illi,
852 2830 986 2876 memo-

91 2933 160 2989 ,res
192 2896 394 2978 ultimorum
429 2903 474 2973 ad
507 2928 567 2973 eos
596 2901 787 2974 verborum
818 2900 988 2976 Matthaei

63 3004 232 3085 'ultimo
268 3005 380 3101 capite
411 3023 445 3074 et
473 3027 605 3076 versu.
646 3013 721 3074 Ecce
750 3030 802 3088 ego
830 3015 987 3076 uobiscum

95 3116 171 3197 sum
197 3115 335 3177 omnibns
360 3113 482 3188 diebus,
511 3128 605 3194 usque
630 3113 673 3172 ad
700 3118 987 3175 consummationem
1045 3154 1048 3160 ·

96 3216 223 3297 saculi,
248 3202 496 3298 incipiuntque
517 3201 606 3287 iam,
630 3203 778 3296 regressi
802 3201 838 3271 in
856 3201 990 3275 Jerusa-

107 3310 200 3394 lem,
216 3307 367 3377 lormare
385 3322 513 3374 etatum
531 3301 649 3387 illum,
672 3301 866 3373 Ecclesiam
888 3301 990 3376 Chri.

106 3407 151 3478 sti
177 3418 210 3477 in
233 3416 368 3496 ttnmlo,
403 3411 565 3473 laudantes
590 3425 620 3474 tt
648 3410 848 3474 btrrcdictntet
876 3412 985 3476 Deum.

67 3509 72 3514 ’
108 3506 172 3577 Ad
199 3526 306 3601 quem
330 3524 481 3589 coetum,
508 3497 700 3575 Ecclesiam
728 3513 856 3597 nempe
885 3504 989 3599 perti·

107 3625 171 3679 net
196 3631 236 3678 ea
264 3604 471 3702 promissio,
500 3628 578 3696 quac
607 3624 641 3675 et
667 3628 732 3675 nos
761 3605 909 3690 attinet,
936 3622 991 3676 us·

106 3733 182 3805 que
204 3707 248 3779 ad
270 3702 611 3777 consummationem
638 3703 752 3774 laeculi
775 3703 989 3798 perdurans,

104 3809 137 3882 si
161 3827 203 3878 ut
229 3806 381 3902 apostoli
408 3825 495 3874 erant
510 3809 633 3892 semper
654 3814 685 3870 in
707 3814 834 3892 templo,
863 3814 990 3872 laudan·

107 3929 203 3982 tes-ct
219 3918 420 3979 benedicenter
440 3911 538 3974 Deum
559 3902 695 3995 (L'ucae
717 3903 830 3998 capite
851 3929 892 3976 ac
911 3923 990 3980 ver·

158 4029 272 4106 Tora.
300 4022 364 4103 111.
593 4050 597 4063 ι
675 4017 751 4103 Ee

630 4222 651 4257 f
