2474 4568
273 269 340 332 130
413 242 418 253 ⁴
594 244 824 278 m

116 392 239 453 ,crpus
269 393 445 465 excidium
474 393 570 466 urbis
597 392 954 489 Hierosolymitanae,
990 414 1026 467 et
1051 398 1149 472 orbis

114 511 240 569 ΜΚ·
268 499 498 582 describitur:
527 509 763 596 „Verborum
785 532 923 597 autem,
950 511 1148 607 inquito),

113 630 254 683 “N
266 628 456 700 coelestiurn
486 627 569 697 nulli
596 628 726 722 magis,
754 652 858 722 quarn
883 654 947 698 nos
970 649 1076 702 testes
1099 634 1150 703 lu-

266 771 368 831 mus,
404 770 494 838 quos
528 744 650 814 mundi
682 744 761 815 linis
794 743 939 816 invenit.
1003 739 1149 838 Quanta

268 861 360 933 enirn
390 860 533 956 prelia,
562 881 595 932 et
622 886 707 955 quus
732 860 922 956 opiniones
947 865 1148 958 accepimus

266 979 498 1075 praeliorum?
543 978 666 1048 Hunni
701 977 737 1046 in
773 979 933 1065 hlanOS,
974 979 1083 1050 Alani
1113 982 1148 1053 in

269 1095 435 1179 Gothos,
472 1094 584 1165 Gothi
614 1095 651 1164 in
681 1093 878 1190 Taylalos,
915 1115 950 1166 et
978 1096 1147 1170 Sarmatas

265 1210 534 1283 insurrexerunt
563 1232 627 1282 etc.
705 1211 804 1306 Ergo
836 1211 917 1307 quia
949 1211 984 1282 in
1019 1240 1148 1286 occasu

265 1329 380 1400 seculi
404 1329 538 1412 sumus,
567 1329 773 1423 praecedunt
795 1331 955 1424 quaedarn
975 1330 1148 1424 aegritudi-

268 1471 330 1516 nes
359 1444 493 1516 mundi.
573 1445 756 1538 lEgritudo
787 1447 910 1516 mundi
939 1467 992 1517 est
1019 1449 1146 1535 fames,

267 1554 440 1657 iegrirudo
473 1562 595 1632 mundi
627 1584 678 1632 est
711 1562 931 1657 pestilentia,
971 1564 1145 1658 aegritudo

267 1680 393 1752 mundi
416 1700 468 1750 est
490 1679 700 1774 persecutio.
715 1683 736 1716 “
788 1680 834 1777 Er
858 1680 965 1770 paulo
989 1704 1073 1776 post
1092 1679 1145 1771 l):

266 1849 288 1883 „
304 1796 517 1867 Przedicetur
544 1796 802 1889 Evangelium,
838 1818 878 1869 ut
904 1800 1064 1870 luculum
1093 1800 1146 1870 de-

267 1932 429 1985 struatur.
496 1912 590 1983 Sicut
622 1913 714 1983 enirn
753 1913 930 2009 praecessit
959 1913 995 1984 in
1026 1915 1144 1986 orbem

267 2051 366 2103 terrzc
407 2029 591 2124 Evangelii
636 2029 867 2125 praedicatio,
913 2029 969 2102 cui
1008 2031 1077 2102 iam
1114 2050 1142 2102 et

268 2148 404 2232 Gothi,
442 2168 476 2218 et
512 2146 661 2217 Armeni
700 2148 954 2236 crediderunt,
992 2168 1028 2220 et
1065 2149 1139 2221 ideo

266 2265 390 2338 ntundi
414 2265 520 2334 linem
545 2263 707 2335 videmus
727 2320 735 2333 .
757 2319 794 2335 ..
825 2265 935 2336 Tunc
957 2267 1140 2363 appropin·
1168 2298 1172 2303 ·

266 2383 388 2480 quabit
412 2380 601 2465 desolatio,
631 2379 800 2475 quonium
825 2408 844 2452 a
869 2401 953 2452 vera
978 2385 1138 2479 religione
1158 2360 1173 2377 i

265 2500 423 2596 plerique
446 2499 533 2593 lapsi
562 2518 680 2569 errore
706 2498 911 2569 desciscent.
922 2502 943 2535 “
994 2500 1091 2573 Idem
1109 2500 1138 2568 iu

266 2637 353 2687 orat.
386 2618 525 2686 funebri
560 2614 672 2708 Satyri
707 2615 818 2717 fratris
853 2616 930 2686 sui:
972 2617 1137 2713 „Raptus

266 2755 340 2816 est,
369 2732 501 2824 inquit,
531 2751 568 2798 ut
597 2718 703 2799 to'tins
721 2732 828 2836 ¹orbis
855 2733 1012 2822 excidia,
1039 2735 1136 2807 finem

264 2848 389 2918 mundi
410 2871 485 2945 pou
511 2845 638 2918 videat.
656 2849 677 2882 ‘⁶
1025 2854 1029 2862 ’

340 3082 372 3152 S,
411 3070 653 3179 Hieronymus
693 3083 737 3154 ab
777 3081 923 3182 Algasia
963 3086 1137 3182 requisitus

264 3223 383 3296 quaest.
405 3226 437 3292 9.
462 3200 547 3273 illud
570 3201 613 3272 ll.
636 3201 765 3274 llhess.
789 3203 832 3276 ll.
862 3230 892 3291 3.
926 3215 993 3276 Nisi
1010 3216 1139 3277 discessio

203 3347 206 3350 ’
263 3333 383 3388 oerrerr'r
405 3331 565 3407 primum,
604 3343 634 3390 er
660 3332 814 3390 revelatus
831 3328 936 3405 suerit
964 3331 1055 3391 homo
1078 3338 1141 3412 pet·

264 3447 351 3518 ruti,
392 3435 435 3503 hc
471 3455 590 3528 aperte¹
625 3434 892 3529 interpretatur,
931 3463 971 3508 ac
1002 3439 1164 3510 circurn-¹

264 3550 384 3622 scribit
412 3576 505 3620 rern:
546 3601 567 3634 „
579 3549 681 3635 Nisi,
709 3550 824 3648 inquit
853 3551 906 3639 c),
942 3555 1047 3627 luerit
1066 3556 1144 3626 Ro·

266 3650 411 3738 marium
439 3667 622 3762 imperium
650 3688 731 3741 ante
759 3671 979 3755 desolutum,
1009 3693 1045 3745 et
1067 3672 1147 3745 auti·

303 3848 334 3939 p)
352 3847 433 3987 >ἘΤῙ.
455 3860 509 3971 alep.
529 3862 587 3916 pag.
610 3856 686 3916 1506.
793 3851 823 3921 b)
843 3831 907 3922 Peg.
930 3870 1008 3920 1507.

337 3940 351 3972 t·
413 3956 419 3968 ·
487 3956 493 3969 ·
532 3936 573 3973 .2
613 3959 619 3971 .
