2474 4568
183 393 296 459 Cruor

162 513 312 573 CXXXVl.

332 273 399 341 ¹92
635 244 875 322 ἐξ

327 419 401 481 tur,
429 396 525 469 iuxta
545 393 612 468 iarn
636 399 770 467 allatam
795 397 839 465 ab
864 396 1029 490 apostolo
1052 393 1208 471 declara&

327 514 460 586 tionem
489 533 640 584 mortem
671 511 822 582 Domini
855 511 1052 583 annuntiari
1067 533 1084 598 ς
1118 516 1199 586 dum

172 631 456 728 “rh-‘pascha
496 649 653 700 nostrum
693 627 890 698 immolatus
926 649 977 699 est
1013 628 1198 718 Christus,

325 746 425 819 iuxta
446 746 596 816 eundem
619 746 819 840 apostolum
840 766 873 815 et
893 745 1143 840 evangelistas,
1165 747 1198 818 in

280 907 284 916 ,
327 865 404 959 ipsa
432 887 548 945 coena,
580 887 644 932 nec
673 861 702 930 S.
732 859 868 931 loanne
890 861 1105 934 abludente:
1141 862 1218 958 qui·

327 1006 414 1054 cum⁴
434 977 553 1050 omnia
578 997 704 1073 praeter
730 975 951 1071 anticipatam
975 977 1042 1048 iam
1068 978 1113 1049 de
1135 979 1208 1050 Euss

294 1083 487 1169 'charistia
516 1094 733 1177 doctrinam,
761 1116 981 1164 enarraturus
1006 1116 1099 1166 esset
1125 1120 1196 1190 quac

163 1797 280 1856 Sacrifi-¹

124 1885 130 1900 ·
165 1871 236 1924 cium
248 1867 288 1922 se·

163 1938 282 2002 cundum

165 2008 285 2060 ordinem

162 2073 309 2131 Melchise-

163 2143 240 2202 decli.

328 1237 463 1285 coenam
492 1210 606 1295 illam,
633 1211 669 1280 in
696 1235 765 1304 qua
791 1210 821 1280 is
847 1194 949 1305 super
975 1230 1101 1305 pectus
1129 1209 1197 1292 Do·

327 1327 660 1412 minirecubuerat,
690 1326 962 1411 antecedebant,
990 1326 1199 1400 comitaban-

329 1463 407 1539 tur,
429 1464 483 1543 ‚et
518 1443 776 1537 sequebantur,
817 1442 947 1535 singula
981 1463 1100 1514 tamon
1135 1465 1199 1515 unte
1232 1500 1236 1505 .

312 1579 314 1593 ¹
328 1571 409 1634 diem
421 1568 540 1652 pascha
557 1561 704 1654 legalem
723 1558 921 1661 actalluisse
939 1578 1198 1632 commemorat.

407 1790 537 1866 Creteri
564 1816 650 1864 vero
678 1789 899 1885 evangelistae
928 1811 1116 1888 postquam
1144 1817 1200 1879 ea,

332 1935 408 2007 quae
431 1908 593 1981 Christus
614 1908 760 1979 iusserat
778 1909 822 1978 de
845 1909 1001 2004 parando
1023 1892 1208 2004 paschate,

332 2028 534 2111 ednrerant,
563 2024 732 2125 deinceps
757 2023 841 2119 qnid
868 2024 1029 2096 Christus
1051 2022 1202 2097 institue·

331 2144 394 2231 rit,
415 2164 449 2216 et
468 2139 605 2227 fecerit,
629 2161 780 2229 narrant.
820 2142 1036 2236 lVlysterinm
1056 2143 1126 2214 hoc
1144 2141 1202 2214 Pa,

331 2279 423 2332 trum
450 2259 590 2331 concilii
619 2257 823 2329 oecumenici
854 2257 1060 2328 Tridentini
1087 2257 1202 2359 verbis

331 2377 565 2475 potins-quam
577 2373 661 2444 meis
672 2373 847 2469 explicare
858 2374 998 2446 interest
1007 2370 1065 2461 o):
1081 2374 1205 2480 „Quq-

330 2491 511 2565 niam'lub
538 2490 645 2586 priori
673 2512 898 2578 testamento,
928 2510 1014 2562 teste
1037 2494 1202 2586 apostolo
1230 2547 1232 2550 >

328 2609 460 2691 Paulo,
480 2630 626 2704 propter
645 2608 771 2680 levitici
791 2607 972 2679 sacerdotii
992 2607 1203 2680 imbecillita·
1230 2701 1233 2707 1

326 2744 397 2797 tem
421 2723 676 2796 consummatio
701 2749 772 2793 non
796 2746 885 2794 erat:
914 2724 1090 2820 oportuit,
1119 2723 1203 2796 Deo

327 2839 430 2912 Patre
444 2838 759 2908 misericordiarum
774 2840 818 2909 ita
831 2840 1031 2925 ordinante,
1047 2841 1205 2925 sacerdo·

312 2966 400 3030 'tem
416 2955 520 3026 alium
540 2955 731 3026 secundum
751 2956 912 3028 ordinem
931 2957 1203 3029 Melchisedech

328 3076 468 3169 surgere
494 3070 544 3176 D,
566 3071 611 3141 N.
635 3071 751 3144 Jesum
774 3073 974 3160 Christum,
1003 3075 1064 3169 qui
1084 3084 1207 3170 posset¹

330 3218 472 3278 omnes,
498 3210 678 3285 quotquot
698 3190 938 3264 sanctificandi
960 3210 1094 3278 essent,
1122 3215 1205 3262 con·

284 3312 288 3315 ’
329 3334 526 3391 summare,
563 3307 666 3379 etad
697 3309 888 3402 perlectum
914 3308 1103 3387 adducere,
1171 3305 1211 3377 lo

329 3422 436 3518 igitur
459 3421 561 3493 Deus
583 3447 623 3493 ac
646 3421 825 3493 Dominus
849 3445 986 3511 noster,
1015 3423 1076 3496 etsi
1099 3424 1205 3495 semel

331 3566 369 3611 se
394 3539 507 3634 ipsum
530 3537 565 3606 in
585 3563 642 3608 ara
665 3538 793 3624 crucis,
817 3560 930 3612 morte
950 3540 1203 3625 intercedente,

232 3749 240 3757 ἢ
290 3698 304 3727 -,
332 3653 417 3726 Deo
440 3654 532 3725 Patri
556 3654 736 3726 oblaturus
762 3675 854 3743 erat,
882 3677 921 3729 ut
947 3678 1114 3729 aeternam
1136 3654 1206 3728 illic

331 3771 585 3845 redemtionem
618 3775 842 3868 operaretur,
879 3773 963 3870 qnia
994 3793 1112 3847 tamen
1141 3795 1206 3872 pet

367 3911 398 3983 a)
415 3917 479 3973 Sess.
500 3916 602 3973 XXII.
622 3935 644 3972 c.
666 3933 690 3975 ι.
1174 3966 1189 4007 q
