2474 4568
247 307 297 382 72
571 280 804 341 ³²¹2

21 448 24 455 '
107 437 220 496 (Μυῒ
250 404 376 526 lintis,
413 433 482 512 iam
508 438 672 536 'praeierat
705 435 873 510 narratio
894 436 939 510 de
970 441 1130 534 epulone
1168 500 1171 507 .

108 554 224 624 CXXII·
250 577 286 630 et
310 558 466 643 Lazaro,
501 557 538 629 in
568 582 639 653 qua
669 557 773 628 toties
799 554 979 629 Abraham
1009 556 1128 629 adhuc

95 664 353 751 invus
382 672 559 779 inducitur
589 673 674 745 Luc.
702 671 805 745 XVI.
836 697 892 760 23.
919 674 1016 768 seqq.
1080 673 1130 744 Et

250 791 304 871 Io.
339 789 440 863 VIII.
472 795 529 879 56.
563 788 787 886 apertissimis
816 815 960 885 prorsus
996 787 1052 860 his
1081 789 1137 865 ad.

251 907 402 986 eandem
433 933 507 979 rem
537 906 678 986 verbis:
714 915 874 988 Abraham
904 917 999 979 Pater
1028 926 1143 978 vester·

215 1075 217 1081 ·
249 1035 431 1111 multavit,
467 1045 503 1096 ut
539 1036 658 1096 videret
693 1033 771 1095 ditm
800 1052 923 1102 meum.-
957 1033 1061 1108 vidit,
1099 1043 1129 1093 et

250 1140 379 1229 novitus
402 1162 455 1212 est.
508 1138 622 1212 Porro
644 1140 688 1212 de
708 1139 853 1212 vivente
872 1158 957 1237 post
976 1158 1132 1212 mortem

163 1318 168 1327 ,
250 1257 434 1341 Abraham
459 1277 512 1328 est
529 1258 700 1339 invictum
725 1274 969 1352 argumentum
990 1255 1027 1328 in
1050 1258 1129 1332 alla·

248 1374 389 1457 tis-hoc
417 1374 529 1472 capite
554 1374 671 1454 verbis
696 1373 816 1445 Exod.
844 1372 907 1445 III.
935 1375 969 1448 6.
995 1371 1128 1448 Saddu-

251 1516 416 1586 caeosque
438 1490 674 1577 convincens,
697 1490 828 1586 quippe
848 1489 909 1585 qui
932 1490 1129 1586 theopneu·

162 1613 167 1624 '
249 1608 353 1681 stiam
382 1607 610 1680 Pentateuchi
644 1607 906 1702 agnoscebant:
947 1606 981 1678 Si
1010 1607 1126 1693 enim,

238 1725 398 1821 quando
418 1723 558 1796 dicebat
576 1723 678 1805 Deus
696 1724 845 1821 Moysi:
874 1734 937 1811 Ego
949 1732 1025 1812 sum
1042 1733 1128 1794 Deru

250 1851 430 1927 Abraham,
464 1861 495 1913 et
524 1850 608 1914 Deus
633 1851 745 1927 Isaac,
779 1861 809 1911 et
830 1850 913 1913 Deus
936 1851 1056 1927 Jacob,
1091 1839 1130 1922 hi

243 1985 325 2033 non
347 1958 495 2054 amplius
516 1956 711 2046 vixissent‚'
733 1957 912 2036 debuisset
925 1957 1021 2030 dici:
1044 1957 1127 2052 Ego

242 2073 300 2153 dui
335 2072 439 2161 Deus
467 2072 650 2159 Abraham
680 2094 744 2157 etc,
810 2074 1128 2168 Quemadmodum

252 2191 299 2263 de
327 2191 442 2263 amico
474 2217 550 2271 non
586 2192 737 2287 amplius
767 2190 949 2288 superstite
984 2190 1024 2262 in
1059 2191 1126 2262 hae

248 2305 322 2380 vita
343 2307 508 2383 dicimus:
535 2308 618 2403 Ego
635 2307 687 2380 fui
707 2307 837 2391 amicus
857 2307 900 2390 vti
919 2301 1023 2395 deivos
1051 2333 1129 2387 non·

248 2445 337 2504 vero
365 2450 433 2522 ego
448 2418 534 2515 ¹stim
560 2423 634 2507 eius
659 2424 803 2508 amicus:
