2474 4568
57 514 82 553 o
62 459 168 551 Ut
206 459 295 536 ficut
324 458 421 535 canit
452 462 635 550 Ecclesia,
673 459 738 558 qui
769 458 806 534 in
839 460 939 560 ligno
968 447 1085 519 cm*

60 581 253 668 vincebat,
290 579 329 652 in
365 578 463 677 ligno
499 606 645 677 quoque
677 581 941 670 vinceretur,“
986 568 1070 626 CXV·

61 696 228 772 diabolus
260 696 412 806 scilicet,
451 698 496 770 de
532 724 607 793 quo
644 696 829 772 Christus·
864 676 1199 775 aunem

55 827 201 908 princeps
223 824 317 887 lautus
342 809 449 886 maadi
469 825 607 887 eiicietur
618 825 737 904 foras:
774 823 816 885 Et
836 841 890 900 ego
915 823 945 884 ri

59 941 223 1003 exaltatus
241 941 337 1020 fuero
357 944 463 1007 omnia
488 942 612 1004 traham
634 943 678 1003 ad
699 932 856 1022 tireipsum.
908 930 943 1001 S.

61 1047 346 1146 chrysostomus
364 1048 399 1119 in
418 1049 453 1122 h.
471 1052 492 1120 l.
520 1049 729 1135 „Traham,
749 1043 944 1144 inquito),

59 1184 190 1262 utpote
218 1162 239 1238 a
265 1185 418 1262 tyr-anno
447 1166 635 1254 detentos,
673 1166 735 1262 qui
762 1192 837 1238 non
862 1191 945 1261 pos·

60 1281 133 1355 sint
162 1308 228 1378 per
260 1308 305 1355 sc·
330 1283 522 1369 accedere,
560 1303 598 1357 et
631 1282 704 1356 eius
739 1280 944 1355 obsistentis

59 1424 189 1472 manus
222 1399 388 1496 effugere.
452 1399 548 1472 Alibi
576 1418 694 1472 autem
721 1399 808 1472 illud
834 1398 946 1495 Rapi·
998 1393 1001 1404 ’

58 1543 145 1589 nam
171 1536 290 1589 vocat.
344 1529 439 1589 Nemo
457 1539 564 1607 potest
576 1526 684 1608 spolia
694 1527 795 1606 fortis
817 1544 952 1607 ωριτε,

59 1645 121 1704 nisi
137 1644 232 1724 prius
248 1642 368 1720 sortem
396 1643 520 1720 alliget,
540 1632 578 1707 ‘et
604 1656 676 1706 tunc
701 1661 782 1705 vasa
805 1646 870 1722 eius
895 1659 946 1703 ra·

53 1764 141 1842 piat.
180 1747 247 1821 His
268 1749 342 1824 eius
365 1749 571 1824 violentiam
588 1750 808 1846 ·s1gnificat“
851 1747 948 1822 Huic

59 1892 195 1962 nempe
233 1890 294 1963 per
332 1887 519 1964 peccatum
559 1867 706 1964 obligati
741 1869 959 1954 fueramusf-

59 1983 163 2078 quod
191 1983 397 2056 seducendo
426 1984 561 2081 primos
590 2004 752 2083 parentes
782 1983 949 2056 intulerat

60 2099 226 2187 mundo,
254 2100 340 2172 dum
363 2099 544 2173 Adamum
569 2100 730 2186 induxit,
758 2121 798 2173 ut
821 2100 866 2171 de
887 2125 949 2172 ve·

61 2217 114 2290 titi
135 2216 225 2313 ligni
247 2217 365 2289 fructu
386 2219 516 2290 ederet.
567 2270 590 2304 „
600 2218 681 2304 Ille,
708 2219 789 2290 sunt
809 2216 841 2287 S.
863 2214 958 2287 Pro·.

61 2333 108 2407 cli
141 2332 297 2430 archiep.
331 2333 725 2432 Constantinopolitani
754 2330 865 2406 verba
891 2328 948 2421 b),

60 2476 209 2531 manum
238 2448 275 2522 in
306 2451 469 2533 arborem
502 2451 687 2529 extenditr
723 2471 949 2545 mortemque

61 2566 276 2664 decerpsit;‚-
301 2567 360 2641 hic
391 2595 516 2642 manus
546 2567 584 2641 in
616 2594 730 2642 cruce·
751 2565 949 2664 expandit,

60 2685 312 2780 mundumque
335 2683 371 2756 in
396 2688 498 2760 ulnas
519 2685 672 2784 accepit:
701 2711 742 2759 ac
764 2688 891 2757 clamat
911 2682 950 2755 in

59 2801 290 2896 Evangeliis:
330 2812 403 2874 Cum
433 2815 593 2877 exaltatus
609 2813 727 2896 suero,
754 2762 861 2929 ordia
884 2823 951 2875 tra·

63 2927 138 2991 ham
155 2928 202 2991 ad
223 2930 381 3010 mapsam.

142 3149 234 3243 Quis
252 3150 412 3224 tenerior.
425 3151 556 3224 modus
578 3177 619 3224 ac
642 3149 735 3224 ratio
756 3146 951 3245 excogitari
1002 3222 1005 3228 ,

62 3268 259 3364 potuisset,
286 3293 354 3340 nos
372 3293 437 3371 pler
455 3289 607 3339 mortem
625 3270 720 3340 suam
744 3267 805 3338 srbi
827 3292 951 3340 recon-

64 3386 199 3458 ciliatos
221 3385 394 3458 arribabus
417 3385 529 3458 veluti
553 3383 646 3458 ulnis
668 3384 703 3457 in
728 3384 873 3480 gratiam
898 3411 952 3456 re·

67 3500 243 3597 cipiendi‚
277 3520 314 3575 et
339 3504 530 3576 amantium
558 3527 658 3574 more
684 3500 951 3598 amplexandi?

68 3619 117 3689 uti
142 3645 207 3715 per
227 3617 413 3692 Ieremiam
435 3620 521 3692 dicit
538 3618 720 3699 Dominus
740 3615 792 3708 c):
823 3629 858 3688 ln
880 3627 951 3687 cha·

69 3748 161 3809 ritate
171 3759 327 3828 perpetua
344 3738 440 3808 dilexi
458 3759 507 3808 te:
526 3747 595 3808 ideo
609 3747 732 3807 attraxi
747 3757 777 3805 te
792 3746 948 3807 miserans.

100 3871 129 3944 a)
154 3875 235 3930 Hom.
260 3875 420 3931 LXVII'
408 3893 436 3928 m
460 3874 539 3942 Joan.
565 3888 630 3928 n
618 3873 704 3938 .T.
728 3871 814 3927 VIII.
839 3884 865 3939 p
885 3881 947 3934 403.

130 3941 160 4010 h)
190 3947 263 4000 Orat.
283 3944 327 3999 II.
347 3946 376 3998 de
395 3945 578 4000 Incarnutione
599 3912 709 3999 Domini
735 3960 760 3993 n.
781 3953 806 4006 3.
838 3940 869 3997 Τ.
889 3937 948 3995 IX.

15 4068 24 4101 ι
132 4013 322 4084 tat.1>r>.p
343 4018 404 4070 621.
493 4010 640 4082 emerem.
661 4010 811 4067 XXXI.
796 4046 823 4079 2.
