2474 4568
908 301 983 368 ³39
1079 307 1081 311 '

106 420 302 505 convenire
330 439 509 516 ¹nequeant
535 421 664 495 ultimis
692 408 909 521 temporibus
935 429 984 508 fu·
1009 426 1126 489 CAPUT

63 590 66 597 ι
103 557 184 617 tura
215 538 315 610 iuxta
346 539 541 624 doctrinam
574 542 812 633 evangelicam
842 563 877 613 et
904 566 985 636 apo
1007 543 1135 600 CXX1X·

103 655 266 727 stolic'nm
295 654 339 725 de
366 653 529 749 periculis
554 655 823 737 novissimorum
850 664 1142 752 tempo-W*

104 798 202 856 rum,
229 795 308 870 quae
337 770 468 850 incerta
497 796 572 842 esse
599 772 919 858 voluit'Salvntor,
947 794 991 846 us

102 889 238 984 semper
274 888 387 983 parati
420 914 573 958 essemus
610 909 644 972 et
675 890 821 983 vigiles;
862 917 984 962 ansam

102 1027 218 1090 autem
257 1005 482 1100 sumpserunt
517 1026 654 1075 veteres
690 1005 746 1076 SS.
783 1005 903 1078 Patres
938 1032 984 1078 ex

105 1121 400 1195 concussionibus
416 1120 574 1192 Romani
594 1121 732 1216 imperii
751 1121 864 1216 iugem
886 1123 983 1218 apud

52 1242 54 1257 '
104 1238 224 1308 fideles
262 1256 464 1334 temporum
503 1238 644 1327 illorum
686 1239 873 1328 refricaridi
913 1266 1016 1329 meg

52 1402 54 1407 ·
104 1354 259 1446 moriam,
338 1349 341 1353 ’
422 1362 429 1378 ’

52 1458 77 1543 't'
547 1550 552 1561 Ι

52 1584 57 1691 ἰι
172 1576 298 1681 Atque
330 1614 374 1660 ex
402 1588 453 1659 his
481 1607 562 1658 ante
594 1586 979 1682 Augustulumeidem

52 1708 56 1787 ,Ι
104 1703 340 1800 propinquior
352 1705 630 1792 Theodorum,
649 1725 730 1799 post
742 1704 983 1799 Augustulum

52 1846 54 1851 ·
102 1845 188 1891 vero
209 1820 242 1909 S,
267 1820 461 1914 Gregorius
486 1820 615 1916 passim
638 1822 708 1893 boc
735 1845 983 1917 argumentum

100 1937 328 2032 prosequitur
351 1938 477 2026 Rornae
501 1937 731 2032 Romanique
754 1939 890 2036 imperii
915 1939 981 2008 rui·

101 2080 161 2125 nas
187 2055 426 2141 lamentando.
492 2054 548 2126 Sic
573 2055 630 2125 lib.
659 2055 702 2146 ll,
725 2057 820 2126 hom.
839 2056 912 2125 'Vt
943 2055 981 2126 in

99 2169 231 2243 Ezech.
254 2167 311 2259 α);
340 2169 532 2266 „Ubique‚
561 2171 692 2265 inquit,
721 2174 835 2243 luctus
861 2171 981 2265 aspici·

98 2313 197 2374 mus,
219 2288 378 2382 undique
398 2289 548 2382 gemitus
568 2287 738 2374 audimus.
776 2287 993 2359 Destruccae1

98 2403 226 2489 urbes,
254 2430 374 2475 eversu
393 2406 472 2491 [unt
496 2426 626 2491 castr-a,
655 2403 866 2502 depopulati
888 2404 979 2496 agri,

95 2521 134 2592 in
152 2521 377 2612 solitudinem
400 2542 490 2594 terra
511 2524 652 2607 redacto
676 2511 760 2593 est(
790 2521 921 2592 Nullus
943 2521 980 2589 in

95 2639 189 2734 agris
207 2637 337 2724 incola,
355 2666 449 2738 pene
464 2643 580 2715 nullus
595 2640 629 2709 in
644 2638 791 2711 urbibus
805 2638 981 2733 habitator

96 2757 288 2828 remansit:
313 2777 347 2828 et
371 2778 486 2829 tamen
507 2757 590 2854 ipsse
613 2783 732 2851 parvae
756 2756 895 2852 generis
917 2757 979 2827 bu-

96 2874 195 2944 mani
222 2873 378 2972 reliquiae
408 2874 713 2968 adhuc'quotidie
746 2895 780 2945 et
811 2874 881 2944 fine
909 2898 981 2944 ces·

100 2988 238 3061 satione
261 2990 443 3072 feriuntur.
458 2994 479 3028 “
547 2992 722 3090 Loquitur
752 2993 796 3063 de
823 2990 920 3062 ltalia
945 3008 980 3061 et

98 3105 245 3192 Roma,
281 3107 342 3189 ubi
372 3111 479 3202 paulo
506 3117 590 3202 post
615 3111 772 3180 senatum
802 3108 978 3193 ablatum,

98 3228 350 3321 populumque
378 3223 477 3318 peste
504 3245 564 3294 auc
588 3225 708 3318 gladio
732 3223 906 3325 subintum
931 3226 981 3293 lu·
1053 3262 1058 3276 ·

101 3362 170 3434 get.
231 3344 333 3414 Mox
366 3343 473 3414 duces
506 3348 541 3415 et
569 3340 745 3436 principes
773 3339 978 3436 reipublicae

52 3544 54 3553 Ι
103 3455 278 3529 Romanae
312 3460 477 3546 leonibus
515 3484 745 3556 comparans,
786 3458 884 3554 „qui
916 3484 979 3554 per

106 3571 258 3646 diversas
299 3576 424 3648 mundi
466 3576 668 3670 provincias
714 3575 978 3660 discurrentes,

110 3691 256 3782 praedam
297 3693 474 3764 saeviendo
515 3710 550 3764 et
585 3690 834 3763 interficiendo
871 3693 980 3786 rapie-

110 3803 188 3878 bant
208 3811 307 3883 etc.“
373 3800 473 3895 „Sed
496 3810 584 3897 iam,
611 3808 746 3896 subdit,
774 3834 855 3881 ecce
880 3810 980 3879 deso·
1090 3828 1093 3835 ’

142 3949 169 4018 a)
191 3957 221 4010 T.
242 3957 267 4012 1.
286 3971 312 4028 p.
335 3969 411 4024 1⁶74.
