2474 4568
382 324 614 340 m

53 446 145 532 quod
161 446 277 509 viderit
303 440 428 508 Patrem
440 445 635 525 jacientem:
661 461 843 533 quecunque
861 457 939 516 enim
965 439 1082 506 ΕΔΜ
1195 456 1198 460 ’

12 579 15 584 ·
54 565 109 630 ilie
124 563 263 644 fecerit,
288 561 347 625 trec
375 574 406 626 et
425 548 524 626 Filius
537 559 683 640 steniliter
694 565 792 645 jacit.
845 562 940 633 Pester
961 563 1087 622 CXUH·

52 685 137 746 enirn
164 682 268 758 diligit
299 679 436 756 Filium,
476 692 507 742 et
536 684 641 742 omnia
669 683 858 746 demonstrat
884 676 913 748 ei
929 723 940 767 ,
953 683 1093 744 *ΛΝ

55 813 124 882 que
150 800 215 880 ipse
231 781 343 877 fucit:
383 809 413 859 et
441 791 563 858 maiora
588 798 637 859 tris
666 799 885 864 demonstrabit
911 807 940 867 ei

54 931 170 996 opera,
197 916 247 976 ita
267 925 303 975 ut
322 932 382 976 vos
403 916 564 976 miremini
617 904 709 997 Quae
733 933 806 980 non
829 910 943 986 solum

59 1021 220 1107 defuis,
247 1020 308 1092 sed
335 1019 438 1093 etiarn
465 1020 795 1121 derdi‘scipulorum
825 1030 943 1124 operi·

55 1138 125 1211 bus
147 1136 377 1233 intelligenda
400 1139 499 1224 sunt,
519 1156 558 1211 ut
574 1129 632 1212 hic·
652 1141 737 1212 dicit
754 1139 811 1232 a):
831 1156 940 1235 Amen,

56 1283 147 1327 arnen
167 1265 234 1326 dico
258 1265 364 1328 vobis.-
390 1266 445 1347 qui
468 1266 563 1327 credit
584 1269 617 1328 in
641 1286 709 1345 me,
736 1289 848 1351 opera,
862 1287 940 1355 ‘que

56 1401 111 1460 ego
122 1381 237 1462 facio,
271 1393 303 1445 et
324 1384 388 1462 ipse
404 1371 532 1460 furiet,
568 1395 599 1445 et
618 1388 740 1447 maiora
760 1387 868 1449 trorum
881 1388 939 1468 su·

55 1503 133 1577 ciet,
161 1501 238 1581 quia
258 1515 311 1575 ego
329 1499 373 1560 ad
392 1498 518 1560 Patrem
536 1500 640 1560 vado:
667 1491 790 1584 „Quae
808 1494 939 1584 verba,

55 1626 96 1680 ut
133 1604 291 1702 loquitur
321 1605 353 1677 S.
386 1605 560 1679 Thomas
583 1606 620 1677 in
652 1608 686 1680 h.
715 1611 737 1680 Ι.
765 1606 825 1698 b),
863 1638 939 1686 non

54 1724 171 1796 solum
213 1718 415 1795 monstrant
455 1723 623 1796 virtutem
669 1725 857 1800 divinitatis
901 1729 939 1803 in

57 1839 229 1926 Christo,
257 1840 317 1911 sed
346 1837 450 1911 etiam
473 1841 636 1913 virtutem
663 1842 768 1930 fidei,
795 1865 830 1918 et
855 1871 940 1917 con·

54 1955 274 2029 iunctionem
311 1955 444 2028 Christi
477 1980 558 2029 cum
589 1952 766 2034 fidelibus.
842 1963 939 2038 Sicut

57 2075 152 2146 enim
178 2072 285 2146 Filius
304 2090 472 2170 operatur
497 2090 643 2171 propter
669 2075 808 2149 Putrem¹
833 2075 871 2149 in
900 2105 940 2152 se

55 2206 259 2263 manentem
287 2216 351 2286 per
376 2188 545 2262 unitatem
575 2212 730 2279 naturae3
764 2192 874 2266 itaet
901 2195 941 2269 fi·

55 2309 154 2380 deles
190 2326 383 2404 operantur
423 2327 572 2404 propter
606 2307 788 2384 Christum
825 2310 864 2383 in
901 2333 940 2387 se

57 2444 261 2498 manentem
290 2450 355 2522 per
381 2423 499 2498 fidem.
513 2427 535 2464 ‘⁶

131 2658 198 2733 Est
221 2661 295 2734 haee
322 2642 629 2735 fides'conr‘uncta·
658 2676 739 2734 eum·
764 2666 871 2760 plena
899 2663 939 2739 fi·

47 2777 163 2852 ducia
202 2779 248 2851 ad
276 2805 382 2877 quam
413 2779 607 2879 discipulos
637 2781 720 2853 suos
752 2782 939 2872 hortatus,

55 2906 197 2984 Habete,-
224 2896 341 2994 inquit
361 2894 416 2987 c),¹
437 2906 533 2984 fidem
557 2907 629 2970 Deir
677 2907 776 2970 Amen
797 2910 864 2970 dico
884 2929 941 2972 uo·

52 3023 123 3102 bis,
159 3027 331 3108 quicunque
352 3027 469 3086 dixerit
490 3024 562 3085 iruic
586 3026 706 3085 monti.-
747 3023 883 3103 Tollere,
909 3037 941 3091 et

56 3144 181 3204 mittere
208 3145 241 3203 in
269 3159 378 3203 rnure:
417 3153 448 3203 et
479 3159 539 3202 non
568 3140 758 3203 hesitaverit
784 3143 818 3202 in'
851 3143 941 3206 corde

46 3254 133 3336 fito,
156 3255 221 3337 fed
244 3258 427 3333 crediderit,
465 3259 541 3340 quia
570 3255 769 3339 quodcunque
798 3257 937 3336 dixerit,

53 3371 136 3451 fiat,
165 3372 225 3452 fiet
250 3379 286 3439 ei.
364 3374 531 3456 Propterea
564 3374 634 3434 dico
669 3374 778 3453 vobis-4
815 3377 940 3455 omniu,

60 3492 242 3573 'quecunque
278 3503 400 3553 orantes
430 3495 566 3573 petitis:
605 3489 744 3568 credite,
783 3495 859 3574 quia
891 3508 943 3559 ut·

55 3609 202 3688 ripietis,
228 3619 260 3670 et
281 3610 419 3671 evenient
441 3612 538 3672 vobis.
606 3599 655 3670 Et
681 3597 740 3669 hic
765 3598 833 3670 iam
856 3600 941 3676 suos

58 3714 245 3788 relicturus
266 3716 303 3787 in
326 3715 462 3787 mundo
484 3713 545 3805 (ὃς
574 3723 658 3807 Quin
678 3741 731 3799 ego
754 3725 797 3786 ud
816 3725 940 3804 Rutrern

11 3959 13 3967 ,
100 3897 130 3971 e)
155 3900 235 3968 loun.
263 3900 345 3957 XIV.
374 3918 415 3958 12.
504 3897 534 3968 i)
558 3900 594 3955 In
618 3914 672 3970 erp.
701 3899 781 3956 XIV.
805 3900 884 3967 Joan.
924 3938 933 3955 .

11 3982 14 4017 ¹
129 3966 158 4039 r)
174 3973 268 4028 Meet.
281 3971 343 4029 XI.
364 3988 407 4030 22.
493 3967 523 4039 d)
541 3971 621 4038 Joan.
636 3972 726 4033 XIV.
747 3985 788 4025 ιι.
