2474 4568
855 352 870 382 .
902 312 976 396 287
1082 341 1090 366 ι

85 444 292 546 specialiter
309 447 545 526 manifestavit
564 474 698 525 nomen
717 447 853 542 Patris,
880 455 981 552 quod
1002 444 1120 520 ΟΜ

91 565 162 664 ipsi
179 565 359 663 deinceps
384 567 650 642 manifestarent
673 594 739 666 per
765 571 891 644 orbern
916 592 982 646 tet·
1019 573 1096 632 ch.

93 708 243 771 rarum,
280 702 316 757 et
346 682 446 779 quod
479 681 547 781 ipsi
580 684 619 758 in
649 711 734 760 aure
762 682 1137 779 andierunt,⁹v⁹

92 799 334 896 praedicarent
361 800 597 897 supertecta.
636 802 904 878 Testimonium
932 806 982 880 eis

94 915 234 1004 reddit,
263 917 366 1013 qnod
394 918 594 991 sermonem
622 919 724 993 fnum
752 922 980 998 servaverint.

95 1043 133 1108 Et
160 1060 242 1105 nnnc
265 1056 496 1123 cognoverunt,
523 1046 601 1130 qnia
623 1049 750 1124 omnin,
780 1062 845 1129 qna
871 1049 984 1114 dedisti

96 1162 172 1224 milti
193 1163 250 1224 abs
271 1157 411 1239 resunt:
438 1174 469 1225 et
483 1174 711 1244 cognoverunt,
739 1165 815 1246 quin
831 1180 853 1225 a
870 1174 900 1227 te
917 1171 990 1229 exi·-

93 1280 135 1341 oi.
191 1265 308 1360 Quod
333 1267 441 1341 dicit:
479 1269 660 1356 Nunc,'-ad
684 1270 883 1345 sermonem
903 1272 985 1346 ulti-

90 1400 220 1470 mum,
256 1408 364 1480 quem
395 1384 509 1458 inodo
536 1409 612 1482 prae
646 1385 760 1459 oculis
792 1386 984 1469 habuimus
1046 1466 1050 1484 ,

87 1499 312 1597 singulariter
352 1501 581 1587 referendum
614 1522 694 1591 est,
737 1501 774 1573 in
809 1503 909 1576 cuius
942 1506 982 1579 li·

86 1645 137 1694 ne
170 1620 288 1714 palam
315 1617 532 1715 profitentur
559 1617 753 1719 discipuli,
787 1618 983 1714 perfectam
1003 1707 1006 1712 ¹

83 1733 322 1830 Evangelicae
346 1726 518 1822 doclrinae
540 1735 650 1808 fidem
677 1760 717 1809 se
739 1734 895 1812 habere:
920 1731 989 1834 'li-'cg
1033 1727 1034 1732 ¹

85 1881 147 1940 ce,
181 1850 305 1938 aiunt,
327 1863 393 1927 iam
411 1860 525 1943 palam
548 1863 682 1945 loqueris
705 1875 763 1926 etc.
788 1846 981 1951 postquam

86 1991 231 2066 nempe
259 1965 384 2040 ultimo
415 1967 503 2065 ipsis
537 1967 710 2056 dixisset,
745 1996 786 2042 se
813 1968 928 2045 exisse
959 1997 982 2047 a

86 2084 226 2174 Patre,
253 2104 288 2159 et
308 2082 451 2160 venisse
467 2083 505 2156 in
523 2074 723 2171 mundum,
749 2103 784 2158 et
800 2085 916 2160 redire
933 2087 982 2160 ad

86 2201 250 2276 Patrem,
301 2199 445 2295 Quibus
465 2199 584 2274 verbis
605 2201 720 2274 totum
743 2200 983 2298 Evangelium
1007 2283 1010 2291 ,

88 2317 210 2391 divini
243 2316 345 2391 verbi
379 2345 447 2416 pro
482 2319 593 2391 salute·
622 2319 779 2392 hnmana
809 2319 983 2394 incarnati
1065 2372 1068 2376 -

92 2424 324 2509 continetur:
368 2460 410 2510 ea
439 2434 587 2512 terribili
617 2434 861 2525 restrictione,
903 2461 983 2535 quae

89 2551 273 2649 seqnitur.
313 2561 383 2624 Non
404 2581 467 2644 pro
492 2560 608 2624 mundo
629 2579 727 2642 rogo,
748 2561 891 2646 scripto
909 2563 982 2644 iris,

94 2651 180 2762 qnos·
194 2679 308 2741 dedisti
325 2677 425 2757 milii,
449 2680 529 2762 qnia
549 2679 600 2742 tui
606 2672 698 2759 sient.
736 2669 827 2764 Qnae
847 2671 885 2742 in
906 2696 984 2747 ver·
1088 2739 1091 2768 ,

97 2786 153 2888 δα,
173 2785 208 2858 S.
231 2783 481 2883 Augustinus,
510 2796 542 2875 s„
560 2785 736 2860 mnndum
765 2787 844 2862 vuli
868 2786 983 2864 modo

95 2902 272 3000 intelligi,
296 2903 415 2978 scribit
440 2901 501 2995 a),
538 2904 600 3001 qui
628 2903 760 2979 vivunt
785 2903 983 2982 fecundum
1100 2967 1108 2987 ,

93 3020 424 3119 concupiscentiam
447 3022 595 3110 mundi,
623 3040 658 3094 et
682 3047 757 3094 non
779 3025 862 3096 funt
882 3023 920 3095 in
942 3050 985 3099 ea

92 3139 196 3210 forte
219 3139 358 3236 gratiae,
384 3159 424 3212 ut
449 3136 496 3212 ab
520 3140 586 3211 illo
609 3138 785 3234 eligantur
811 3155 859 3212 ert
884 3162 986 3212 mnn-

102 3255 152 3328 do
172 3259 216 3329 ⁶⁶.
267 3255 332 3330 De
351 3252 491 3329 mundo
510 3253 690 3351 loquitur,
717 3254 861 3351 dequo
881 3253 990 3353 supra

100 3371 157 3444 ln.
189 3371 277 3447 XV.
310 3385 369 3452 18.
418 3383 454 3445 Si
479 3381 613 3455 mundus·
635 3399 696 3444 vor
724 3382 816 3466 odit,
845 3378 984 3465 scitote,

101 3502 181 3581 qnia
202 3519 251 3563 me
262 3505 400 3582 priorem
420 3501 510 3565 volis·
528 3502 602 3564 odio
620 3495 743 3564 babuit,
792 3501 827 3564 Si
844 3503 884 3565 de·
897 3521 984 3564 mun·

100 3615 141 3677 rio
155 3615 323 3696 fuissetis,
349 3619 481 3679 mundns
498 3619 583 3700 quod
591 3617 690 3698 suum
711 3630 800 3696 erat,-
824 3620 961 3696 diligeret
970 3665 987 3697 ,.

98 3736 178 3815 quia
193 3736 319 3798 vernile
335 3734 447 3798 mundo
460 3751 519 3795 non
536 3737 626 3813 estis,
642 3734 704 3814 sed
719 3753 771 3811 ego
784 3735 859 3813 elegi
875 3755 931 3798 nos
947 3736 985 3798 de

99 3855 425 3937 mundorpropttreo
443 3842 510 3913 odit
528 3869 585 3913 nor
610 3853 749 3916 mundns.
800 3851 987 3915 Mementote
1076 3850 1079 3855 ’

133 3983 167 4059 α)
183 3991 237 4045 Tr.
257 3990 349 4048 CVII.
365 3994 394 4047 in
407 3991 454 4059 Jo.
471 4010 497 4048 n.
515 3998 540 4063 Ι
561 3991 593 4048 Τ.
609 3989 670 4047 III.
687 3988 786 4069 ΕΠ.ι
798 4004 823 4060 p.
841 3993 903 4056 767.
919 3996 966 4042 eit.
