2602 4696
371 369 604 382 m

847 355 924 425 149

112 481 176 554 Eo
211 505 327 576 usque
351 481 455 552 haud
476 480 661 586 procedit,
688 482 748 578 qui
774 481 810 552 in
843 509 925 578 apo·
954 482 1069 546 ΕΔΜ
1115 539 1121 548 .

46 591 177 696 cal‘ypsi
229 599 260 670 S.
305 597 450 670 loannis
491 600 732 696 propheticam
778 599 920 693 quidem
946 605 1075 662 cxxix.

42 717 222 810 quandam
253 711 373 786 seriem
408 715 559 786 historiae
592 715 840 788 christianismi
870 723 1077 788 usa-*vv

41 859 105 928 que
129 834 180 904 ad
205 833 312 904 finem
335 832 459 902 mundi
481 859 543 928 per
568 853 634 904 tres
656 834 823 906 observat
841 857 923 933 epo·
1014 831 1016 839 ’

42 949 120 1020 thas
161 949 454 1020 celebratissimus
494 950 696 1026 lllleldensis
733 949 923 1046 episcopus

42 1064 165 1160 Benig.
198 1066 351 1138 Bossuet
377 1066 414 1136 in
443 1071 721 1153 commentario,
750 1088 785 1138 et
808 1066 925 1137 brevi·

41 1198 88 1252 ter
126 1181 186 1278 in,
205 1182 423 1278 compendio
458 1171 682 1279 apocalypsis
716 1185 760 1254 ad
792 1187 922 1254 calcem

42 1299 307 1385 commentarii,
345 1299 406 1369 ubi
436 1301 496 1370 tria
526 1323 684 1394 tempora
715 1302 772 1370 leu
804 1319 922 1371 aetates

40 1414 206 1488 Ecclesiae
232 1416 387 1510 praecise·
405 1416 441 1485 in
473 1417 676 1512 apocalypsi
707 1418 832 1490 ordine
862 1443 922 1487 no·

41 1549 104 1602 tata
129 1533 338 1626 distinguit:
368 1537 513 1626 primam
542 1537 586 1604 ab
610 1536 760 1605 exordio
786 1555 922 1628 tempo·

41 1674 111 1718 rum
151 1631 442 1745 persecutionum
481 1652 702 1722 judaicarum
747 1651 921 1744 quidem,

41 1790 121 1858 quas
141 1793 209 1862 per
229 1765 388 1838 Gentiles
409 1787 617 1854 moverunt,
640 1793 752 1860 usque
775 1768 819 1837 ad
844 1793 920 1862 cap.

43 1880 101 1952 lx.
141 1884 342 1955 Gentilium
387 1885 922 1979 persecutiones'prosequitur
1020 1926 1022 1936 ν

44 1997 194 2072 inde‘ad
226 2022 332 2096 caput
359 2028 472 2096 usque
500 2003 588 2073 XX.
622 2004 818 2074 Secundam
846 2019 924 2075 aeta-

45 2133 104 2186 tem
128 2119 177 2188 ab
208 2118 309 2189 initio
340 2119 463 2212 capitis
493 2119 581 2188 XX,
611 2137 711 2188 notat
738 2143 851 2211 usque
879 2117 925 2186 ad

45 2255 74 2303 v.
95 2244 124 2310 8.
143 2235 315 2307 Ecclesiae
334 2236 464 2306 scilicet
483 2261 630 2328 regnum
650 2236 756 2329 super
776 2253 923 2303 terram:

46 2348 208 2447 deinceps
231 2379 342 2447 usque
364 2353 408 2423 ad
432 2353 538 2424 linem
563 2373 663 2422 aetate
689 2351 787 2423 tertia
811 2341 924 2442 signat

45 2471 270 2540 tentationem
304 2469 470 2546 Ecclesiae
496 2466 639 2540 ultimis
672 2465 923 2563 temporibus,

45 2589 184 2676 quando
212 2587 345 2658 solutus
371 2589 466 2658 satan
494 2605 668 2656 extremas
695 2583 789 2656 vires
817 2609 926 2679 expe-

44 2698 220 2780 rieturad
252 2705 345 2774 illam
380 2703 655 2789 destruendam,
693 2701 925 2774 subsecutura
978 2745 986 2756 ·

45 2843 122 2889 mox
164 2819 353 2891 universali
390 2821 646 2893 resurrectione
684 2841 719 2892 et
763 2837 925 2892 extremo

47 2930 182 3008 iudicio.
234 2925 428 3008 Bossuetus
454 2957 569 3010 tamen
595 2938 630 3008 in
657 2939 721 3009 suo
745 2951 925 3024 commen·

48 3053 123 3124 tario
146 3052 370 3150 potissimum
395 3053 541 3149 primam
565 3075 701 3126 aetatem
728 3053 791 3125 srbi
815 3052 928 3147 expli·

46 3172 194 3244 eandam·
227 3171 350 3244 sumsit
390 3191 512 3242 contra
551 3171 820 3255 Protestantes‚
867 3171 927 3240 de·

46 3289 296 3371 monstrand0,
337 3286 523 3382 imperium
562 3287 770 3356 Romanum
813 3285 930 3380 prola·

45 3427 143 3492 num,
173 3432 248 3477 non
274 3406 406 3477 sacrum
434 3402 581 3500 intelligi
609 3401 758 3506 debere,
788 3429 930 3474 monar-

46 3519 152 3594 chiam
175 3549 303 3618 nempe
327 3523 549 3608 Romanam3
574 3544 679 3617 atque
699 3521 926 3617 Babylonem

44 3659 78 3707 ac
99 3639 255 3712 bestiam·
279 3641 313 3710 in
342 3640 547 3736 apocalypsi
575 3661 727 3710 notatam
753 3663 828 3707 esse
851 3637 929 3708 Ro-

44 3779 129 3828 mam
152 3785 226 3828 non
242 3751 492 3840 christianam,
517 3757 576 3827 led
594 3757 780 3850 'profanam
805 3757 930 3846 (Rome

44 3878 243 3965 coapue'raate
273 3898 304 3946 tt
326 3885 387 3961 fon
419 3869 569 3964 Empire)
599 3897 676 3967 quac
707 3889 784 3957 est,
815 3885 930 3942 civitas

45 4013 173 4080 magna,
209 3987 273 4084 qaia
306 4001 399 4064 hahet
430 4019 552 4078 regnum
575 3995 674 4081 firptr
704 4018 786 4075 reges
815 4011 929 4075 terra,
