2474 4568
71 468 73 477 ’
94 446 209 522 modo
235 444 396 519 Christus
421 431 651 540 piscationem
675 444 786 517 modo
807 450 975 534 relatam,
999 440 1115 504 CAPUT

95 564 306 662 propediem
334 562 491 634 abiturus
516 587 562 632 ex
588 563 658 633 hoc
685 563 821 635 mundo
845 565 889 634 ad
912 558 1122 634 Pa·⁶LXXX·

98 701 189 753 trem
218 681 256 761 in
287 683 436 764 coelum,
467 703 580 774 agnos
609 679 690 750 suos
721 704 761 749 ac
788 704 875 751 oves
901 704 978 773 pas·
996 669 1145 742 *W

96 798 228 870 cendas
263 795 498 868 committeret
530 795 648 867 Petro.
708 804 812 866 Simon
843 803 976 875 Joannis

98 924 200 999 diligis
218 941 264 984 nre
275 924 346 1003 plus
363 922 440 983 liis?
490 910 633 983 Petrum
653 909 813 983 Christus
829 909 976 983 interro-

97 1051 168 1126 gat.
221 1027 313 1124 Quis
337 1054 409 1099 non
432 1027 574 1116 videat,
602 1028 683 1099 ideo
706 1027 849 1099 Petrum
874 1027 977 1100 inter·

98 1146 218 1243 rogari
240 1145 478 1240 singulariter,
506 1165 545 1217 ut
569 1143 599 1216 ei
619 1143 752 1239 aliquid
774 1145 810 1216 in
832 1171 978 1248 pascen-

98 1264 153 1335 dis
189 1263 317 1335 ovibus
349 1262 585 1364 committatur
616 1261 863 1356 fingulariter?
913 1262 997 1334 Ρε-Ι

99 1399 191 1452 trum
222 1378 455 1472 interrogari,
492 1403 537 1449 an
568 1377 689 1474 diligat
716 1382 796 1474 plus
822 1379 898 1466 his,
937 1399 978 1452 ut

100 1487 219 1568 curam
239 1495 360 1569 ovium
379 1494 545 1591 suscipiat
562 1519 633 1591 prae
655 1495 732 1583 his,
756 1494 885 1590 dignus
903 1521 976 1592 prae

51 1679 55 1695 ,
100 1612 254 1698 caeteris,
282 1611 341 1706 qui
365 1611 427 1682 fibi
449 1631 571 1708 pastor
592 1611 628 1682 in
652 1636 759 1706 grege
780 1612 978 1685 succedat?

100 1728 208 1799 Sicuti
243 1727 463 1823 peculiariter
497 1726 613 1800 eidem
643 1749 724 1801 ante
756 1727 979 1802 resurrectio·

100 1871 182 1917 nem
210 1847 327 1917 claves
353 1844 454 1939 regni
483 1849 652 1916 coelorum
682 1846 808 1919 dandae
833 1845 978 1940 promit·

100 1981 234 2033 tuntur.
284 2011 307 2047 „
318 1960 382 2032 Tu
405 1951 461 2046 esi
488 1959 519 2031 S.
545 1959 745 2032 Bernardus
774 1961 979 2055 Eugenium

100 2070 338 2150 successorem
363 2076 459 2148 Petri
483 2076 671 2171 alloquitur
693 2071 751 2164 a),
778 2076 834 2147 cui
862 2079 980 2150 clave-a
1088 2121 1090 2123 ·

101 2194 255 2281 tradite,
273 2195 330 2268 cui
352 2220 438 2267 oves
453 2190 647 2266 commissae
664 2191 771 2263 lunt?
799 2191 888 2265 Sunt
905 2191 979 2289 qui·

102 2311 185 2382 dem
212 2310 320 2382 etalii
341 2310 421 2383 coeli
440 2309 624 2400 ianitores,
647 2307 706 2381 sed
730 2326 766 2380 tu
787 2326 885 2379 tanto
906 2312 981 2404 glo-

102 2425 249 2514 riosius,
266 2446 399 2520 quanto
416 2447 451 2499 et
468 2423 684 2525 differentiua
701 2446 889 2521 utrumque
908 2452 981 2522 prae

104 2541 237 2615 caeteris
260 2569 391 2614 nomen
416 2523 637 2615 haereditasti.
688 2540 834 2613 Habent
853 2540 902 2613 illi
920 2543 985 2643 ¹sabi

97 2659 302 2759 ¹assignatos
324 2684 467 2753 greges,
490 2658 615 2754 singuli
637 2658 809 2753 singulos:
839 2659 901 2731 tibi
920 2659 983 2758 uni
1067 2729 1069 2735 ,

103 2775 261 2849 universi
280 2774 401 2846 crediti
418 2777 516 2861 sunt,
535 2775 595 2851 uni
613 2762 748 2848 omnes.
773 2759 853 2848 Nec
871 2777 985 2849 modo

104 2890 247 2977 ovium,
272 2891 332 2962 sed
363 2909 398 2963 et
429 2913 610 2987 pastorum
637 2912 676 2963 tu
708 2917 800 2962 rurus
826 2893 988 2964 omnium

105 3027 238 3103 pastor.
274 3005 380 3079 Unde
402 3008 437 3078 id
461 3008 611 3105 probem
632 3008 784 3103 quaeris‘l
806 3032 852 3078 ex
872 3008 988 3083 verbo

104 3107 269 3220 Domini.
299 3123 370 3194 Cui
387 3123 480 3195 enim
497 3151 573 3195 non
593 3116 705 3196 dicam
721 3122 992 3218 episcoporum,

104 3241 167 3312 sed
200 3259 234 3312 et
260 3244 504 3335 apostolorum
529 3240 786 3329 srcabsolute,
828 3238 1032 3312 etindis·-‘
1136 3332 1138 3343 Ι

107 3375 203 3430 crete
227 3374 308 3428 totae
332 3356 524 3428 commissae
546 3357 626 3428 sunt
643 3356 757 3429 oves?
780 3364 814 3427 Sl
829 3385 876 3430 me
891 3385 992 3450 amns,

108 3482 219 3546 Petra!
239 3468 431 3567 pasce-oves
456 3502 548 3546 meus.
567 3477 589 3511 “

186 3701 336 3795 Cessare
361 3703 407 3778 fic
433 3703 524 3780 inter
547 3712 701 3817 summos
722 3708 891 3784 Ecclesiae
915 3733 993 3807 pas·

109 3843 234 3910 tores,
275 3821 481 3921 pontificem
519 3827 754 3901 succes-sorem
794 3827 918 3916 Petri,
958 3845 999 3900 et'

107 4026 110 4030 .
148 3969 322 4043 oziau.
341 3957 538 4031 de'm'iriderrn
575 4000 597 4025 κ
656 4027 658 4030 .
