2474 4568
288 266 319 338 6·
615 262 848 331 =''—''÷-

148 400 264 489 cm?
289 415 489 514 pertinent,
512 415 778 513 universimque
795 417 841 499 ad
860 415 1000 491 Iudaeos
1021 414 1059 513 in
1077 416 1178 492 Jeru-

169 531 247 639 ,ως
289 538 395 609 salem
417 533 629 631 praeprimis,
657 535 715 617 oui
734 533 819 605 ideo
841 535 1055 630 exprobrat:
1083 545 1176 616 Jeru-

137 648 405 737 I‘Wsulem,
444 660 636 737 Jerusalem,
677 677 740 742 qua
771 661 883 722 occr'dis
904 661 1074 740 propbetas
1106 648 1146 739 u)
1161 708 1173 738 ,
1189 674 1201 702 -·

250 758 253 763 ’
286 770 355 845 iam
386 769 548 842 occisura
579 766 706 853 etiam,
747 792 853 862 quem
882 767 1061 839 vaticinati
1090 750 1174 840 sunt

288 887 486 986 prophetae.
538 884 677 957 Idcirco
699 912 781 970 ecce,
808 893 994 974 relinquetur
1015 893 1105 955 uobis
1121 895 1176 955 do·

291 1033 360 1081 mus
383 1026 490 1074 vestra
520 1013 648 1072 deserta.
710 1009 788 1070 Dico
818 1023 923 1098 utitem
949 1010 1055 1087 vobis,
1095 1013 1198 1093 quia-

290 1149 352 1192 non
378 1131 522 1191 uidebitis
546 1148 615 1203 me,
653 1128 744 1188 donec
767 1110 896 1203 ueniat,
933 1146 1000 1189 cum
1032 1127 1174 1189 dicetis:

292 1246 492 1321 Benedictus,
514 1247 567 1326 qni
586 1246 721 1306 venitin
742 1245 860 1303 nomiae
880 1241 1015 1310 Domini.
1058 1233 1174 1325 Quod
1196 1228 1221 1238 '¹

290 1352 503 1455 propediem
520 1353 650 1422 factum
669 1367 721 1424 est
737 1348 773 1420 in
789 1349 992 1445 triumphali
1010 1351 1175 1445 ingressu

291 1469 330 1552 in
353 1469 595 1552 Hierusalem,
619 1468 844 1562 speraturque
865 1468 1058 1562 aliquando
1081 1469 1174 1540 futu·

293 1613 373 1685 rum
402 1584 618 1681 religiosius,
655 1603 690 1655 et
719 1583 901 1658 salubriter
930 1609 1012 1682 ante
1042 1584 1176 1660 advem

292 1722 368 1789 turn
392 1703 523 1786 Christi
545 1702 751 1786 secundum,

348 1909 1123 1951 ———-·----··

492 2065 789 2158 CAPUT
847 2066 975 2157 CIX.

295 2194 458 2339 Iden
495 2256 636 2333 anso
675 2253 1174 2371 rn-renosannru.

934 2382 938 2409 I

294 2423 451 2505 Factum
491 2441 548 2503 est
581 2441 731 2518 autem,
768 2426 860 2505 dum
895 2418 1177 2526 compleientur

319 2539 422 2618 'dies
453 2547 690 2621 assumtionis
722 2547 824 2633 eius,
869 2548 1010 2642 etipse
1034 2543 1186 2644 faciem·

328 2659 446 2758 ,fuam
465 2661 669 2758 firmavit,
705 2673 748 2738 ut
776 2665 850 2748 iret
878 2664 920 2738 'ia
947 2661 1173 2758 Jerusalem.

344 2774 436 2854 Luc.
463 2775 533 2854 IX.
565 2800 621 2872 51.
855 2792 858 2798 ’

82 3099 84 3103 ’
124 3128 167 3185 Ad
188 3093 254 3211 opus
295 3033 423 3210 Quae
446 3101 502 3176 bic
524 3103 716 3201 anticipato
746 3103 831 3178 dicit
851 3103 1084 3202 evangelista,
1112 3104 1176 3178 ite-

125 3201 269 3322 ffifflm'
294 3243 370 3297 rato
396 3223 540 3318 repetit,
568 3247 645 3318 quae
673 3222 817 3320 Christo
844 3246 942 3295 erant
963 3224 1176 3319 perferenda

125 3354 261 3470 wass-
294 3365 372 3437 cap.
397 3339 536 3410 XVIII.
566 3341 754 3434 ingruente
784 3339 853 3413 iarn
879 3359 1060 3437 tempore,
1098 3365 1175 3436 quo

137 3466 150 3473 ”
173 3463 197 3471 ”
267 3484 358 3554 φεῖ
388 3456 588 3552 passionem
618 3476 653 3528 et
680 3476 832 3534 mortem
856 3459 952 3531 suam
982 3476 1073 3528 esset
1103 3457 1177 3529 exi-

293 3597 391 3653 turus
417 3601 460 3649 ex
484 3574 554 3645 hoc
577 3574 740 3660 mundo,¹
760 3595 1036 3662 resurrecturus,
1065 3595 1100 3647 et
1124 3601 1177 3648 as-

294 3718 462 3765 censurus
481 3692 516 3771 in
532 3683 677 3777 coe'ltrm,
700 3691 946 3789 rediturusque
961 3687 1005 3763 ad
1020 3691 1174 3782 Patrem,

272 3811 383 3906 -saepe
410 3835 447 3890 se
473 3807 718 3882 insidiantibus
742 3809 930 3897 subduxit,
958 3809 1177 3903 abscondit,

323 3953 355 4029 rt)
372 3957 436 4013 Lac·
457 3955 547 4022 XIII.
567 3968 611 4032 34.
657 4005 658 4008 ,
