<?xml version="1.0" encoding="UTF-8"?>
<!DOCTYPE html PUBLIC "-//W3C//DTD XHTML 1.0 Transitional//EN"
    "http://www.w3.org/TR/xhtml1/DTD/xhtml1-transitional.dtd">
<html xmlns="http://www.w3.org/1999/xhtml" xml:lang="en" lang="en">
 <head>
  <title>
</title>
<meta http-equiv="Content-Type" content="text/html;charset=utf-8" />
  <meta name='ocr-system' content='tesseract 3.04.00' />
  <meta name='ocr-capabilities' content='ocr_page ocr_carea ocr_par ocr_line ocrx_word'/>
</head>
<body>
  <div class='ocr_page' id='page_1' title='image "./desublimiinevan03gerbgoog_0296.png"; bbox 0 0 2474 4568; ppageno 0'>
   <div class='ocr_carea' id='block_1_1' title="bbox 461 149 692 165">
    <p class='ocr_par' dir='ltr' id='par_1_1' title="bbox 461 149 692 165">
     <span class='ocr_line' id='line_1_1' title="bbox 461 149 692 165; baseline 0.009 -2"><span class='ocrx_word' id='word_1_1' title='bbox 461 149 692 165; x_wconf 48' lang='grc'>*-</span> 
     </span>
    </p>
   </div>
   <div class='ocr_carea' id='block_1_2' title="bbox 88 140 1220 824">
    <p class='ocr_par' dir='ltr' id='par_1_2' title="bbox 131 140 1220 607">
     <span class='ocr_line' id='line_1_2' title="bbox 943 140 1016 212; baseline 0.096 -7"><span class='ocrx_word' id='word_1_2' title='bbox 943 140 1016 212; x_wconf 70' lang='grc' dir='ltr'>3θ9</span> 
     </span>
     <span class='ocr_line' id='line_1_3' title="bbox 133 240 1155 375; baseline 0.002 -38"><span class='ocrx_word' id='word_1_3' title='bbox 133 240 316 375; x_wconf 64' lang='lat' dir='ltr'>Chr&#39;pturn¹</span> <span class='ocrx_word' id='word_1_4' title='bbox 341 289 430 337; x_wconf 86' lang='lat' dir='ltr'>vero</span> <span class='ocrx_word' id='word_1_5' title='bbox 457 269 601 361; x_wconf 83' lang='lat' dir='ltr'>angelus</span> <span class='ocrx_word' id='word_1_6' title='bbox 620 248 844 340; x_wconf 49' lang='lat' dir='ltr'>&#39;confortavit</span> <span class='ocrx_word' id='word_1_7' title='bbox 869 266 913 338; x_wconf 91' lang='lat' dir='ltr'>ad</span> <span class='ocrx_word' id='word_1_8' title='bbox 940 295 1016 365; x_wconf 75' lang='lat' dir='ltr'>pas-</span> <span class='ocrx_word' id='word_1_9' title='bbox 1038 261 1155 325; x_wconf 62' lang='lat' dir='ltr'>clm</span> 
     </span>
     <span class='ocr_line' id='line_1_4' title="bbox 132 382 1141 479; baseline 0.004 -26"><span class='ocrx_word' id='word_1_10' title='bbox 132 383 291 470; x_wconf 88' lang='lat' dir='ltr'>sionem,</span> <span class='ocrx_word' id='word_1_11' title='bbox 311 382 605 478; x_wconf 85' lang='lat' dir='ltr'>sustinendosque</span> <span class='ocrx_word' id='word_1_12' title='bbox 624 384 695 454; x_wconf 84' lang='lat' dir='ltr'>fine</span> <span class='ocrx_word' id='word_1_13' title='bbox 715 383 934 479; x_wconf 83' lang='lat' dir='ltr'>mitigatione</span> <span class='ocrx_word' id='word_1_14' title='bbox 953 387 1015 456; x_wconf 93' lang='lat' dir='ltr'>do·</span> <span class='ocrx_word' id='word_1_15' title='bbox 1046 384 1141 440; x_wconf 72' lang='lat' dir='ltr'><strong>CUX·</strong></span> 
     </span>
     <span class='ocr_line' id='line_1_5' title="bbox 131 499 1220 607; baseline 0.007 -37"><span class='ocrx_word' id='word_1_16' title='bbox 131 501 250 585; x_wconf 71' lang='lat' dir='ltr'>lones,</span> <span class='ocrx_word' id='word_1_17' title='bbox 285 517 325 572; x_wconf 89' lang='lat' dir='ltr'>ut</span> <span class='ocrx_word' id='word_1_18' title='bbox 359 526 404 572; x_wconf 89' lang='lat' dir='ltr'>ex</span> <span class='ocrx_word' id='word_1_19' title='bbox 436 499 555 572; x_wconf 89' lang='lat' dir='ltr'>verbis</span> <span class='ocrx_word' id='word_1_20' title='bbox 589 499 719 573; x_wconf 81' lang='lat' dir='ltr'>Christi</span> <span class='ocrx_word' id='word_1_21' title='bbox 752 501 938 573; x_wconf 89' lang='lat' dir='ltr'>coniicitur</span> <span class='ocrx_word' id='word_1_22' title='bbox 968 501 1174 577; x_wconf 54' lang='lat' dir='ltr'>adW*</span> <span class='ocrx_word' id='word_1_23' title='bbox 1211 590 1220 607; x_wconf 29' lang='grc' dir='ltr'><strong><em>θ</em></strong></span> 
     </span>
    </p>

    <p class='ocr_par' dir='ltr' id='par_1_3' title="bbox 88 613 1066 824">
     <span class='ocr_line' id='line_1_6' title="bbox 88 613 1066 712; baseline 0.004 -26"><span class='ocrx_word' id='word_1_24' title='bbox 88 630 90 635; x_wconf 84' lang='grc'><strong>“</strong></span> <span class='ocrx_word' id='word_1_25' title='bbox 118 613 274 687; x_wconf 80' lang='lat' dir='ltr'>&#39;Patrem</span> <span class='ocrx_word' id='word_1_26' title='bbox 296 616 334 688; x_wconf 93' lang='lat' dir='ltr'>in</span> <span class='ocrx_word' id='word_1_27' title='bbox 356 642 480 690; x_wconf 88' lang='lat' dir='ltr'>cruce:</span> <span class='ocrx_word' id='word_1_28' title='bbox 507 625 593 695; x_wconf 77' lang='lat' dir='ltr'>Deus</span> <span class='ocrx_word' id='word_1_29' title='bbox 616 646 720 711; x_wconf 79' lang='lat' dir='ltr'>meus,</span> <span class='ocrx_word' id='word_1_30' title='bbox 746 646 841 712; x_wconf 82' lang='lat' dir='ltr'>quare</span> <span class='ocrx_word' id='word_1_31' title='bbox 860 646 908 690; x_wconf 86' lang='lat' dir='ltr'>me</span> <span class='ocrx_word' id='word_1_32' title='bbox 935 629 1016 696; x_wconf 73' lang='lat' dir='ltr'>dera-</span> <span class='ocrx_word' id='word_1_33' title='bbox 1056 632 1066 650; x_wconf 86' lang='grc'><strong>“</strong></span> 
     </span>
     <span class='ocr_line' id='line_1_7' title="bbox 130 741 263 824; baseline 0.015 -20"><span class='ocrx_word' id='word_1_34' title='bbox 130 741 263 824; x_wconf 62' lang='lat' dir='ltr'>liquisti</span> 
     </span>
    </p>
   </div>
   <div class='ocr_carea' id='block_1_3' title="bbox 91 962 1106 3872">
    <p class='ocr_par' dir='ltr' id='par_1_4' title="bbox 130 962 1013 1184">
     <span class='ocr_line' id='line_1_8' title="bbox 208 962 1013 1069; baseline 0.009 -32"><span class='ocrx_word' id='word_1_35' title='bbox 208 963 240 1037; x_wconf 88' lang='lat' dir='ltr'>S.</span> <span class='ocrx_word' id='word_1_36' title='bbox 269 962 483 1042; x_wconf 76' lang='lat' dir='ltr'>Athanasius</span> <span class='ocrx_word' id='word_1_37' title='bbox 508 969 544 1041; x_wconf 81' lang='lat' dir='ltr'>i&#39;n</span> <span class='ocrx_word' id='word_1_38' title='bbox 568 968 731 1044; x_wconf 84' lang='lat' dir='ltr'>oratione</span> <span class='ocrx_word' id='word_1_39' title='bbox 755 971 800 1051; x_wconf 75' lang='lat' dir='ltr'>de</span> <span class='ocrx_word' id='word_1_40' title='bbox 825 969 1013 1069; x_wconf 88' lang='lat' dir='ltr'>passione,</span> 
     </span>
     <span class='ocr_line' id='line_1_9' title="bbox 130 1083 1013 1184; baseline 0.007 -30"><span class='ocrx_word' id='word_1_41' title='bbox 130 1083 166 1154; x_wconf 90' lang='lat' dir='ltr'>in</span> <span class='ocrx_word' id='word_1_42' title='bbox 202 1110 243 1159; x_wconf 81' lang='lat' dir='ltr'>ea</span> <span class='ocrx_word' id='word_1_43' title='bbox 270 1088 463 1174; x_wconf 82' lang='lat' dir='ltr'>sententia,</span> <span class='ocrx_word' id='word_1_44' title='bbox 503 1113 616 1184; x_wconf 87' lang='lat' dir='ltr'>quam·</span> <span class='ocrx_word' id='word_1_45' title='bbox 644 1090 713 1162; x_wconf 86' lang='lat' dir='ltr'>iam</span> <span class='ocrx_word' id='word_1_46' title='bbox 746 1117 791 1162; x_wconf 85' lang='lat' dir='ltr'>ex</span> <span class='ocrx_word' id='word_1_47' title='bbox 820 1090 851 1162; x_wconf 90' lang='lat' dir='ltr'>S.</span> <span class='ocrx_word' id='word_1_48' title='bbox 885 1087 1013 1184; x_wconf 86' lang='lat' dir='ltr'>Ignatii</span> 
     </span>
    </p>

    <p class='ocr_par' dir='ltr' id='par_1_5' title="bbox 94 1193 1081 2117">
     <span class='ocr_line' id='line_1_10' title="bbox 94 1193 1015 1300; baseline 0.004 -29"><span class='ocrx_word' id='word_1_49' title='bbox 94 1193 98 1202; x_wconf 70' lang='grc'><strong>’</strong></span> <span class='ocrx_word' id='word_1_50' title='bbox 131 1200 283 1297; x_wconf 87' lang='lat' dir='ltr'>epistola</span> <span class='ocrx_word' id='word_1_51' title='bbox 308 1205 355 1273; x_wconf 87' lang='lat' dir='ltr'>ad</span> <span class='ocrx_word' id='word_1_52' title='bbox 377 1203 553 1300; x_wconf 87' lang='lat' dir='ltr'>Ephesios</span> <span class='ocrx_word' id='word_1_53' title='bbox 582 1232 616 1277; x_wconf 85' lang='lat' dir='ltr'>o.</span> <span class='ocrx_word' id='word_1_54' title='bbox 645 1205 1015 1295; x_wconf 77' lang='lat' dir='ltr'>15·.commenroraui·</span> 
     </span>
     <span class='ocr_line' id='line_1_11' title="bbox 131 1320 1081 1417; baseline 0.006 -28"><span class='ocrx_word' id='word_1_55' title='bbox 131 1343 230 1404; x_wconf 91' lang='lat' dir='ltr'>mus,</span> <span class='ocrx_word' id='word_1_56' title='bbox 269 1320 463 1417; x_wconf 85' lang='lat' dir='ltr'>principem</span> <span class='ocrx_word' id='word_1_57' title='bbox 488 1321 590 1394; x_wconf 90' lang='lat' dir='ltr'>huius</span> <span class='ocrx_word' id='word_1_58' title='bbox 613 1324 736 1395; x_wconf 87' lang='lat' dir='ltr'>mundi</span> <span class='ocrx_word' id='word_1_59' title='bbox 764 1323 902 1394; x_wconf 83' lang='lat' dir='ltr'>latuisse</span> <span class='ocrx_word' id='word_1_60' title='bbox 929 1322 1015 1394; x_wconf 80' lang='lat' dir='ltr'>llll-a-</span> <span class='ocrx_word' id='word_1_61' title='bbox 1078 1338 1081 1343; x_wconf 74' lang='grc'>’</span> 
     </span>
     <span class='ocr_line' id='line_1_12' title="bbox 128 1433 1036 1536; baseline 0.002 -30"><span class='ocrx_word' id='word_1_62' title='bbox 128 1435 188 1506; x_wconf 84' lang='lat' dir='ltr'>riae</span> <span class='ocrx_word' id='word_1_63' title='bbox 207 1435 467 1530; x_wconf 78' lang='lat' dir='ltr'>virginitatem,</span> <span class='ocrx_word' id='word_1_64' title='bbox 492 1459 526 1510; x_wconf 83' lang='lat' dir='ltr'>et</span> <span class='ocrx_word' id='word_1_65' title='bbox 547 1457 688 1535; x_wconf 86' lang='lat' dir='ltr'>partum</span> <span class='ocrx_word' id='word_1_66' title='bbox 710 1439 837 1536; x_wconf 91' lang='lat' dir='ltr'>ipsius,</span> <span class='ocrx_word' id='word_1_67' title='bbox 860 1439 1011 1509; x_wconf 77' lang='lat' dir='ltr'>similiter</span> <span class='ocrx_word' id='word_1_68' title='bbox 1035 1433 1036 1437; x_wconf 27' lang='lat'>¹</span> 
     </span>
     <span class='ocr_line' id='line_1_13' title="bbox 129 1553 1008 1653; baseline 0.002 -30"><span class='ocrx_word' id='word_1_69' title='bbox 129 1574 165 1623; x_wconf 82' lang='lat' dir='ltr'>et</span> <span class='ocrx_word' id='word_1_70' title='bbox 186 1575 335 1624; x_wconf 88' lang='lat' dir='ltr'>mortem</span> <span class='ocrx_word' id='word_1_71' title='bbox 363 1553 532 1641; x_wconf 86' lang='lat' dir='ltr'>Domini,</span> <span class='ocrx_word' id='word_1_72' title='bbox 559 1557 623 1627; x_wconf 85' lang='lat' dir='ltr'>tria</span> <span class='ocrx_word' id='word_1_73' title='bbox 646 1557 809 1653; x_wconf 88' lang='lat' dir='ltr'>mysteria</span> <span class='ocrx_word' id='word_1_74' title='bbox 833 1555 1008 1641; x_wconf 86' lang='lat' dir='ltr'>clamoris,</span> 
     </span>
     <span class='ocr_line' id='line_1_14' title="bbox 129 1668 1010 1767; baseline 0.007 -28"><span class='ocrx_word' id='word_1_75' title='bbox 129 1692 209 1762; x_wconf 80' lang='lat' dir='ltr'>quae</span> <span class='ocrx_word' id='word_1_76' title='bbox 251 1668 287 1739; x_wconf 91' lang='lat' dir='ltr'>in</span> <span class='ocrx_word' id='word_1_77' title='bbox 326 1670 462 1742; x_wconf 74' lang='lat' dir='ltr'>silentio</span> <span class='ocrx_word' id='word_1_78' title='bbox 505 1694 638 1767; x_wconf 87' lang='lat' dir='ltr'>patrata</span> <span class='ocrx_word' id='word_1_79' title='bbox 679 1676 786 1760; x_wconf 81' lang='lat' dir='ltr'>hrot,</span> <span class='ocrx_word' id='word_1_80' title='bbox 826 1673 1010 1745; x_wconf 49' lang='lat' dir='ltr'>Christum¹</span> 
     </span>
     <span class='ocr_line' id='line_1_15' title="bbox 129 1785 1013 1883; baseline 0.005 -28"><span class='ocrx_word' id='word_1_81' title='bbox 129 1785 207 1856; x_wconf 86' lang='lat' dir='ltr'>haec</span> <span class='ocrx_word' id='word_1_82' title='bbox 227 1785 267 1855; x_wconf 87' lang='lat' dir='ltr'>in</span> <span class='ocrx_word' id='word_1_83' title='bbox 287 1813 330 1858; x_wconf 88' lang='lat' dir='ltr'>se·</span> <span class='ocrx_word' id='word_1_84' title='bbox 346 1785 488 1883; x_wconf 82' lang='lat' dir='ltr'>prorsus</span> <span class='ocrx_word' id='word_1_85' title='bbox 512 1789 696 1882; x_wconf 77' lang='lat' dir='ltr'>singularia</span> <span class='ocrx_word' id='word_1_86' title='bbox 719 1809 752 1858; x_wconf 85' lang='lat' dir='ltr'>et</span> <span class='ocrx_word' id='word_1_87' title='bbox 772 1790 1013 1867; x_wconf 79' lang='lat' dir='ltr'>extraordina-</span> 
     </span>
     <span class='ocr_line' id='line_1_16' title="bbox 128 1888 1010 1998; baseline 0.002 -25"><span class='ocrx_word' id='word_1_88' title='bbox 128 1903 199 1988; x_wconf 86' lang='lat' dir='ltr'>ria,</span> <span class='ocrx_word' id='word_1_89' title='bbox 219 1904 330 1997; x_wconf 86' lang='lat' dir='ltr'>qualis</span> <span class='ocrx_word' id='word_1_90' title='bbox 349 1925 443 1976; x_wconf 86' lang='lat' dir='ltr'>certe</span> <span class='ocrx_word' id='word_1_91' title='bbox 461 1926 512 1976; x_wconf 85' lang='lat' dir='ltr'>cst</span> <span class='ocrx_word' id='word_1_92' title='bbox 527 1906 634 1974; x_wconf 84' lang='lat' dir='ltr'>sudor</span> <span class='ocrx_word' id='word_1_93' title='bbox 651 1903 880 1998; x_wconf 76' lang='lat' dir='ltr'>sanguineus,</span> <span class='ocrx_word' id='word_1_94' title='bbox 901 1888 1010 1998; x_wconf 87' lang='lat' dir='ltr'>quem</span> 
     </span>
     <span class='ocr_line' id='line_1_17' title="bbox 128 2001 1011 2117; baseline 0 -27"><span class='ocrx_word' id='word_1_95' title='bbox 128 2019 244 2090; x_wconf 87' lang='lat' dir='ltr'>Lucas</span> <span class='ocrx_word' id='word_1_96' title='bbox 259 2021 382 2090; x_wconf 88' lang='lat' dir='ltr'>XXll.</span> <span class='ocrx_word' id='word_1_97' title='bbox 401 2046 460 2108; x_wconf 81' lang='lat'>44.</span> <span class='ocrx_word' id='word_1_98' title='bbox 490 2001 677 2108; x_wconf 87' lang='lat' dir='ltr'>describit,</span> <span class='ocrx_word' id='word_1_99' title='bbox 705 2046 870 2117; x_wconf 90' lang='lat' dir='ltr'>passum,</span> <span class='ocrx_word' id='word_1_100' title='bbox 895 2020 1011 2102; x_wconf 70' lang='lat' dir='ltr'>existi·</span> 
     </span>
    </p>

    <p class='ocr_par' dir='ltr' id='par_1_6' title="bbox 102 2117 1032 2584">
     <span class='ocr_line' id='line_1_18' title="bbox 102 2117 1009 2234; baseline 0.001 -27"><span class='ocrx_word' id='word_1_101' title='bbox 102 2117 221 2224; x_wconf 72' lang='lat' dir='ltr'>mat,</span> <span class='ocrx_word' id='word_1_102' title='bbox 258 2158 296 2210; x_wconf 87' lang='lat' dir='ltr'>ut</span> <span class='ocrx_word' id='word_1_103' title='bbox 322 2138 431 2214; x_wconf 84' lang='lat' dir='ltr'>veluti</span> <span class='ocrx_word' id='word_1_104' title='bbox 463 2122 680 2234; x_wconf 84' lang='lat' dir='ltr'>provocaret</span> <span class='ocrx_word' id='word_1_105' title='bbox 707 2140 871 2225; x_wconf 83' lang='lat' dir='ltr'>hostem,</span> <span class='ocrx_word' id='word_1_106' title='bbox 905 2137 1009 2226; x_wconf 86' lang='lat' dir='ltr'>alias,</span> 
     </span>
     <span class='ocr_line' id='line_1_19' title="bbox 127 2251 1032 2352; baseline 0.002 -26"><span class='ocrx_word' id='word_1_107' title='bbox 127 2278 208 2348; x_wconf 79' lang='lat' dir='ltr'>quae</span> <span class='ocrx_word' id='word_1_108' title='bbox 248 2255 481 2327; x_wconf 84' lang='lat' dir='ltr'>est-aliorum</span> <span class='ocrx_word' id='word_1_109' title='bbox 515 2255 631 2327; x_wconf 82' lang='lat' dir='ltr'>etiam·</span> <span class='ocrx_word' id='word_1_110' title='bbox 651 2255 850 2343; x_wconf 83' lang='lat' dir='ltr'>sententia,</span> <span class='ocrx_word' id='word_1_111' title='bbox 887 2251 1032 2352; x_wconf 80' lang='lat' dir='ltr'>potius&#39;</span> 
     </span>
     <span class='ocr_line' id='line_1_20' title="bbox 126 2368 1009 2468; baseline 0.006 -28"><span class='ocrx_word' id='word_1_112' title='bbox 126 2368 380 2467; x_wconf 79' lang='lat' dir='ltr'>impediturum</span> <span class='ocrx_word' id='word_1_113' title='bbox 417 2371 651 2468; x_wconf 79' lang='lat' dir='ltr'>passionem,</span> <span class='ocrx_word' id='word_1_114' title='bbox 695 2399 741 2445; x_wconf 87' lang='lat' dir='ltr'>ex</span> <span class='ocrx_word' id='word_1_115' title='bbox 782 2397 863 2468; x_wconf 87' lang='lat' dir='ltr'>qua·</span> <span class='ocrx_word' id='word_1_116' title='bbox 890 2390 1009 2445; x_wconf 79' lang='lat' dir='ltr'>tantus</span> 
     </span>
     <span class='ocr_line' id='line_1_21' title="bbox 125 2488 1009 2584; baseline 0.005 -26"><span class='ocrx_word' id='word_1_117' title='bbox 125 2488 261 2560; x_wconf 80' lang='lat' dir='ltr'>fructus</span> <span class='ocrx_word' id='word_1_118' title='bbox 287 2489 323 2563; x_wconf 89' lang='lat' dir='ltr'>in</span> <span class='ocrx_word' id='word_1_119' title='bbox 355 2515 467 2584; x_wconf 86' lang='lat' dir='ltr'>genus</span> <span class='ocrx_word' id='word_1_120' title='bbox 493 2490 687 2562; x_wconf 85' lang='lat' dir='ltr'>humanum</span> <span class='ocrx_word' id='word_1_121' title='bbox 719 2510 809 2562; x_wconf 89' lang='lat' dir='ltr'>esset</span> <span class='ocrx_word' id='word_1_122' title='bbox 833 2488 1009 2562; x_wconf 79' lang='lat' dir='ltr'>redunda-</span> 
     </span>
    </p>

    <p class='ocr_par' dir='ltr' id='par_1_7' title="bbox 91 2599 1106 3872">
     <span class='ocr_line' id='line_1_22' title="bbox 91 2599 1014 2703; baseline 0.004 -27"><span class='ocrx_word' id='word_1_123' title='bbox 91 2599 95 2608; x_wconf 73' lang='grc'><strong>’</strong></span> <span class='ocrx_word' id='word_1_124' title='bbox 126 2623 245 2690; x_wconf 78' lang='lat' dir='ltr'>turus,</span> <span class='ocrx_word' id='word_1_125' title='bbox 272 2606 537 2702; x_wconf 84' lang='lat' dir='ltr'>comparatione</span> <span class='ocrx_word' id='word_1_126' title='bbox 555 2632 638 2680; x_wconf 89' lang='lat' dir='ltr'>usus</span> <span class='ocrx_word' id='word_1_127' title='bbox 656 2606 687 2679; x_wconf 90' lang='lat' dir='ltr'>S.</span> <span class='ocrx_word' id='word_1_128' title='bbox 708 2605 831 2693; x_wconf 86' lang='lat' dir='ltr'>Pater,</span> <span class='ocrx_word' id='word_1_129' title='bbox 853 2631 949 2703; x_wconf 86' lang='lat' dir='ltr'>quae,</span> <span class='ocrx_word' id='word_1_130' title='bbox 967 2625 1014 2680; x_wconf 78' lang='lat' dir='ltr'>ut</span> 
     </span>
     <span class='ocr_line' id='line_1_23' title="bbox 125 2719 1012 2809; baseline 0.007 -17"><span class='ocrx_word' id='word_1_131' title='bbox 125 2729 180 2792; x_wconf 77' lang='lat' dir='ltr'>e‘st</span> <span class='ocrx_word' id='word_1_132' title='bbox 215 2719 476 2795; x_wconf 85' lang='lat' dir='ltr'>fimilitudinum</span> <span class='ocrx_word' id='word_1_133' title='bbox 512 2724 624 2809; x_wconf 88' lang='lat' dir='ltr'>ratio,</span> <span class='ocrx_word' id='word_1_134' title='bbox 654 2744 733 2796; x_wconf 87' lang='lat' dir='ltr'>oon</span> <span class='ocrx_word' id='word_1_135' title='bbox 773 2727 809 2794; x_wconf 92' lang='lat' dir='ltr'>in</span> <span class='ocrx_word' id='word_1_136' title='bbox 840 2724 1012 2797; x_wconf 77' lang='lat' dir='ltr'>omnibus</span> 
     </span>
     <span class='ocr_line' id='line_1_24' title="bbox 120 2832 1009 2928; baseline 0.006 -18"><span class='ocrx_word' id='word_1_137' title='bbox 120 2832 394 2911; x_wconf 55' lang='lat' dir='ltr'>&#39;circumstantiis</span> <span class='ocrx_word' id='word_1_138' title='bbox 418 2843 524 2915; x_wconf 82' lang='lat' dir='ltr'>valet.</span> <span class='ocrx_word' id='word_1_139' title='bbox 592 2893 614 2928; x_wconf 84' lang='lat'>‚,</span> <span class='ocrx_word' id='word_1_140' title='bbox 628 2841 715 2913; x_wconf 90' lang='lat' dir='ltr'>Non</span> <span class='ocrx_word' id='word_1_141' title='bbox 738 2843 858 2928; x_wconf 85' lang='lat' dir='ltr'>ahter,</span> <span class='ocrx_word' id='word_1_142' title='bbox 886 2862 926 2914; x_wconf 90' lang='lat' dir='ltr'>ut</span> <span class='ocrx_word' id='word_1_143' title='bbox 948 2844 1009 2915; x_wconf 88' lang='lat' dir='ltr'>ha·</span> 
     </span>
     <span class='ocr_line' id='line_1_25' title="bbox 124 2953 1010 3054; baseline 0.002 -27"><span class='ocrx_word' id='word_1_144' title='bbox 124 2953 215 3027; x_wconf 83' lang='lat' dir='ltr'>beot</span> <span class='ocrx_word' id='word_1_145' title='bbox 239 2956 355 3028; x_wconf 76' lang='lat' dir='ltr'>verba</span> <span class='ocrx_word' id='word_1_146' title='bbox 386 2956 422 3026; x_wconf 89' lang='lat' dir='ltr'>in</span> <span class='ocrx_word' id='word_1_147' title='bbox 462 2977 585 3030; x_wconf 85' lang='lat' dir='ltr'>catena</span> <span class='ocrx_word' id='word_1_148' title='bbox 620 2957 691 3029; x_wconf 90' lang='grc' dir='ltr'>ΡΡ.</span> <span class='ocrx_word' id='word_1_149' title='bbox 725 2981 831 3050; x_wconf 87' lang='lat' dir='ltr'>quam</span> <span class='ocrx_word' id='word_1_150' title='bbox 867 2957 895 3028; x_wconf 89' lang='lat' dir='ltr'>si</span> <span class='ocrx_word' id='word_1_151' title='bbox 929 2957 1010 3054; x_wconf 86' lang='lat' dir='ltr'>quis</span> 
     </span>
     <span class='ocr_line' id='line_1_26' title="bbox 124 3054 1008 3170; baseline 0.006 -26"><span class='ocrx_word' id='word_1_152' title='bbox 124 3063 371 3146; x_wconf 77' lang='lat' dir='ltr'>anirnaducrsa</span> <span class='ocrx_word' id='word_1_153' title='bbox 399 3071 436 3143; x_wconf 93' lang='lat' dir='ltr'>in</span> <span class='ocrx_word' id='word_1_154' title='bbox 463 3054 633 3170; x_wconf 84' lang='lat' dir='ltr'>compare</span> <span class='ocrx_word' id='word_1_155' title='bbox 659 3094 764 3166; x_wconf 87' lang='lat' dir='ltr'>atque</span> <span class='ocrx_word' id='word_1_156' title='bbox 789 3076 915 3145; x_wconf 88' lang='lat' dir='ltr'>aemulo</span> <span class='ocrx_word' id='word_1_157' title='bbox 942 3075 1008 3148; x_wconf 85' lang='lat' dir='ltr'>suo</span> 
     </span>
     <span class='ocr_line' id='line_1_27' title="bbox 123 3181 1009 3296; baseline 0.007 -36"><span class='ocrx_word' id='word_1_158' title='bbox 123 3181 316 3266; x_wconf 74' lang='lat' dir='ltr'>formidine</span> <span class='ocrx_word' id='word_1_159' title='bbox 339 3191 461 3296; x_wconf 82' lang='lat' dir='ltr'>secum</span> <span class='ocrx_word' id='word_1_160' title='bbox 483 3190 707 3277; x_wconf 85' lang='lat' dir='ltr'>decertandi,</span> <span class='ocrx_word' id='word_1_161' title='bbox 735 3188 946 3264; x_wconf 84' lang='lat' dir='ltr'>imbecillem</span> <span class='ocrx_word' id='word_1_162' title='bbox 969 3219 1009 3266; x_wconf 86' lang='lat' dir='ltr'>se</span> 
     </span>
     <span class='ocr_line' id='line_1_28' title="bbox 123 3305 1010 3406; baseline 0.008 -29"><span class='ocrx_word' id='word_1_163' title='bbox 123 3305 257 3400; x_wconf 75' lang='lat' dir='ltr'>fingat,</span> <span class='ocrx_word' id='word_1_164' title='bbox 281 3305 380 3402; x_wconf 90' lang='lat' dir='ltr'>quod</span> <span class='ocrx_word' id='word_1_165' title='bbox 399 3307 495 3380; x_wconf 89' lang='lat' dir='ltr'>illum</span> <span class='ocrx_word' id='word_1_166' title='bbox 521 3310 676 3406; x_wconf 80' lang='lat' dir='ltr'>pelliciat</span> <span class='ocrx_word' id='word_1_167' title='bbox 698 3309 745 3380; x_wconf 78' lang='lat' dir='ltr'>acl</span> <span class='ocrx_word' id='word_1_168' title='bbox 767 3335 943 3405; x_wconf 80' lang='lat' dir='ltr'>pugnam:</span> <span class='ocrx_word' id='word_1_169' title='bbox 972 3329 1010 3384; x_wconf 86' lang='lat' dir='ltr'>et</span> 
     </span>
     <span class='ocr_line' id='line_1_29' title="bbox 121 3421 1007 3518; baseline 0.008 -26"><span class='ocrx_word' id='word_1_170' title='bbox 121 3421 208 3508; x_wconf 84' lang='lat' dir='ltr'>ille,</span> <span class='ocrx_word' id='word_1_171' title='bbox 246 3422 333 3494; x_wconf 86' lang='lat' dir='ltr'>dum·</span> <span class='ocrx_word' id='word_1_172' title='bbox 357 3449 425 3518; x_wconf 88' lang='lat' dir='ltr'>pro</span> <span class='ocrx_word' id='word_1_173' title='bbox 450 3450 539 3503; x_wconf 74' lang='lat' dir='ltr'>vera,</span> <span class='ocrx_word' id='word_1_174' title='bbox 558 3427 666 3499; x_wconf 89' lang='lat' dir='ltr'>habet</span> <span class='ocrx_word' id='word_1_175' title='bbox 690 3427 782 3498; x_wconf 86' lang='lat' dir='ltr'>illam</span> <span class='ocrx_word' id='word_1_176' title='bbox 813 3428 1007 3500; x_wconf 76' lang='lat' dir='ltr'>simulatam</span> 
     </span>
     <span class='ocr_line' id='line_1_30' title="bbox 121 3527 1106 3639; baseline 0.005 -29"><span class='ocrx_word' id='word_1_177' title='bbox 121 3537 423 3631; x_wconf 82' lang='lat' dir='ltr'>imbecillitatem,</span> <span class='ocrx_word' id='word_1_178' title='bbox 459 3527 625 3613; x_wconf 73' lang='lat' dir='ltr'>audacter</span> <span class='ocrx_word' id='word_1_179' title='bbox 650 3542 687 3610; x_wconf 89' lang='lat' dir='ltr'>in</span> <span class='ocrx_word' id='word_1_180' title='bbox 719 3559 894 3614; x_wconf 87' lang='lat' dir='ltr'>certarnen</span> <span class='ocrx_word' id='word_1_181' title='bbox 927 3569 1011 3639; x_wconf 70' lang='lat' dir='ltr'>pro</span> <span class='ocrx_word' id='word_1_182' title='bbox 1103 3583 1106 3589; x_wconf 60' lang='lat'>&gt;</span> 
     </span>
     <span class='ocr_line' id='line_1_31' title="bbox 123 3640 1006 3752; baseline 0.003 -23"><span class='ocrx_word' id='word_1_183' title='bbox 123 3657 226 3740; x_wconf 69' lang='lat' dir='ltr'>duat,</span> <span class='ocrx_word' id='word_1_184' title='bbox 249 3682 336 3728; x_wconf 86' lang='lat' dir='ltr'>mox</span> <span class='ocrx_word' id='word_1_185' title='bbox 358 3657 558 3730; x_wconf 79' lang='lat' dir='ltr'>domandus</span> <span class='ocrx_word' id='word_1_186' title='bbox 576 3657 666 3735; x_wconf 74' lang='lat' dir='ltr'>illius</span> <span class='ocrx_word' id='word_1_187' title='bbox 685 3640 850 3752; x_wconf 79' lang='lat' dir='ltr'>generosi</span> <span class='ocrx_word' id='word_1_188' title='bbox 868 3660 1006 3732; x_wconf 74' lang='lat' dir='ltr'>athleta</span> 
     </span>
     <span class='ocr_line' id='line_1_32' title="bbox 122 3772 1079 3872; baseline 0.005 -29"><span class='ocrx_word' id='word_1_189' title='bbox 122 3773 270 3852; x_wconf 79' lang='lat' dir='ltr'>viribus.</span> <span class='ocrx_word' id='word_1_190' title='bbox 339 3774 392 3849; x_wconf 78' lang='lat' dir='ltr'>lta</span> <span class='ocrx_word' id='word_1_191' title='bbox 417 3800 562 3870; x_wconf 87' lang='lat' dir='ltr'>quoque</span> <span class='ocrx_word' id='word_1_192' title='bbox 591 3772 772 3849; x_wconf 77' lang='lat' dir='ltr'>Dominus</span> <span class='ocrx_word' id='word_1_193' title='bbox 803 3776 866 3851; x_wconf 80' lang='lat' dir='ltr'>lub</span> <span class='ocrx_word' id='word_1_194' title='bbox 892 3775 1009 3872; x_wconf 65' lang='lat' dir='ltr'>hreeie.</span> <span class='ocrx_word' id='word_1_195' title='bbox 1077 3851 1079 3856; x_wconf 74' lang='grc'><strong>,</strong></span> 
     </span>
    </p>
   </div>
   <div class='ocr_carea' id='block_1_4' title="bbox 0 0 1242 4568">
    <p class='ocr_par' dir='ltr' id='par_1_8' title="bbox 0 0 1242 4568">
     <span class='ocr_line' id='line_1_33' title="bbox 0 0 1242 4568; baseline 0 2"><span class='ocrx_word' id='word_1_196' title='bbox 0 0 1242 4568; x_wconf 95' lang='lat' dir='ltr'> </span> 
     </span>
    </p>
   </div>
  </div>
 </body>
</html>
