2474 4568
425 259 660 316 5-5-

103 407 203 495 Patri
234 436 301 511 per
328 428 482 484 mortem
514 409 687 509 unigeniti
717 409 797 486 Filii
830 417 984 511 praestita
1011 418 1127 485 crine

102 529 236 606 iustitia
256 526 529 615 demonstravit,
557 547 660 624 atque
687 529 791 601 etiam
817 531 888 604 hoc
910 523 1150 605 mo-cxxxm·

103 648 155 721 do
179 641 284 719 Deus
306 641 515 719 clarificatus
540 645 648 717 estin
672 646 883 744 semetipso,
911 614 1140 721 om·ww

102 764 164 836 nia
201 762 239 834 in
274 762 441 835 omnibus
476 759 579 832 etiam
612 761 780 858 operibus
816 763 884 836 luis
921 789 988 862 per

102 878 345 966 creationem,
386 898 421 952 et
453 877 732 966 redemtionem,
772 905 879 975 quam
917 882 988 956 iam

102 996 141 1070 in
172 1018 277 1070 cruce
308 1019 349 1068 ac
378 993 543 1094 passione
573 995 634 1067 lua
668 996 780 1068 effuso
814 997 986 1095 sanguine

102 1129 412 1189 consummaturus
452 1129 551 1197 erat,
603 1110 840 1202 immolandus
879 1137 986 1189 verus

52 1214 55 1245 ³
103 1253 216 1327 agnus
241 1225 435 1326 paschalis,
460 1225 557 1300 cuius
585 1216 745 1299 sacrificii
770 1253 986 1304 commemo·

52 1252 58 1465 i
102 1346 276 1420 rationem
310 1343 378 1417 iam
415 1328 454 1415 in'
485 1367 585 1416 coena
617 1343 729 1417 modo
765 1344 984 1436 institueratss,

52 1474 57 1489 '
101 1485 207 1562 atque
226 1469 413 1549 clarificatus
435 1481 482 1533 est
502 1470 600 1532 Filius
617 1471 765 1549 hominis,
792 1488 879 1535 mox
902 1489 986 1537 cum

52 1496 58 1645 i
101 1605 139 1653 se
158 1578 323 1652 Christus
344 1575 523 1674 discipulis
545 1575 614 1651 luis
635 1577 704 1650 iam
724 1597 827 1651 antea
848 1579 986 1652 denun-

99 1697 247 1785 tiasset,
273 1694 414 1769 venisse
439 1691 587 1780 horam,
615 1715 651 1765 ut
676 1702 860 1782 clarificetur
887 1706 985 1770 Filius

100 1823 253 1900 hominis,
291 1814 365 1885 lese
391 1809 458 1882 illis
485 1833 560 1896 ceu¹
580 1835 727 1913 granum
755 1812 920 1885 frumenti
945 1811 985 1886 in
1028 1806 1033 1820 ’

101 1932 305 2027 exemplum
329 1928 446 2014 dedit,
474 1927 656 2024 quodnisi
680 1912 843 2000 cddens'in
868 1950 985 2003 terram

99 2069 256 2120 mortuum
270 2053 392 2136 suerit,
420 2055 521 2136 ipsum
535 2052 641 2133 stilum
665 2066 769 2115 munet
780 2086 793 2128 ‚-
825 2058 854 2116 si
878 2068 984 2119 autem
1078 2087 1081 2095 =

97 2185 256 2237 mortuum
265 2171 397 2266 justu,
435 2170 567 2232 multum
587 2155 732 2248 siusium
757 2164 862 2244 affert.
888 2256 890 2261 ι
921 2172 984 2255 Qui

98 2299 189 2352 amat
213 2292 350 2350 animam
359 2286 480 2367 suam,
511 2287 622 2368 perdet
651 2301 744 2346 eum.-
780 2297 812 2349 et
838 2291 893 2366 qui
916 2289 985 2350 odit

97 2409 237 2467 ammam
249 2403 346 2484 suam
367 2405 400 2466 in
424 2403 630 2480 hosmundo,
657 2405 690 2463 in
715 2405 819 2468 vitam
840 2416 982 2468 aternam

96 2522 236 2593 vcustodit
261 2540 328 2583 eam
355 2507 406 2600 a).
470 2509 614 2603 Quibus
639 2509 757 2583 verbis
785 2511 983 2607 generatim

96 2626 217 2702 innuit
245 2627 436 2725 apostolis,
477 2628 578 2725 quod
609 2648 737 2725 postea
762 2626 982 2725 singulariter

97 2743 333 2819 manifestavit
363 2743 498 2833 Petro,
535 2774 598 2838 qua
627 2766 726 2819 morte
755 2754 982 2834 clarificaturus

98 2883 177 2936 esset
201 2869 302 2935 Deum
328 2857 594 2958 b),'s1quide1n
620 2883 655 2937 et
677 2863 792 2938 caeteri
818 2862 981 2961 plerique

67 2997 226 3057 ,omnes
253 2977 407 3074 apostoli
427 2979 562 3052 fuerint
588 2979 769 3054 Christum
799 3007 863 3078 per
890 3006 983 3054 mor·

97 3115 171 3170 tem
200 3095 335 3182 secuti,
368 3095 468 3190 quod
501 3122 589 3168 mox
622 3097 851 3192 sequentibus
883 3094 983 3172 haud

96 3211 253 3287 obscure
277 3209 491 3307 significatur
511 3212 649 3286 verbis:
678 3224 709 3282 Si
737 3228 806 3304 quis
829 3225 905 3284 milii
926 3224 984 3283 mi·

95 3343 237 3416 lustrat,
270 3356 318 3401 me
330 3336 510 3421 sequatur,
542 3350 573 3401 et
598 3337 649 3400 ubi
673 3357 727 3415 ego
743 3336 836 3418 sum,
865 3337 984 3402 illicet

95 3459 240 3520 minister
251 3473 340 3519 nicus
361 3459 430 3520 erit.
483 3455 611 3540 Siquis
636 3458 713 3519 milti
739 3457 984 3534 ministraverit,

94 3570 315 3648 honorificabit
335 3592 404 3636 eum
426 3564 521 3663 Pate(
536 3593 621 3636 meus
628 3607 640 3650 ,-
668 3589 712 3636 eo
733 3562 896 3634 nimirum
919 3561 986 3631 lto·¹

96 3680 191 3755 nore
210 3698 246 3752 et
261 3678 392 3776 gloria,
415 3702 452 3753 ut
469 3688 521 3752 ubi
540 3709 593 3764 ego
601 3687 697 3768 sum,
720 3687 783 3750 iuis
798 3701 830 3752 et
845 3688 986 3751 minister
1023 3724 1025 3728 -

109 3822 266 3905 .a)Joan.
287 3826 360 3885 XII.
379 3837 423 3898 23.
507 3820 539 3899 b)
557 3824 602 3883 u.
622 3823 707 3880 XXI.
729 3839 772 3896 ¹9·

149 3917 266 3995 Tun.
293 3918 358 3995 ΙΙΙ.
641 3913 679 3990 0
