2474 4568
388 344 620 358 m

893 326 942 396 71

62 446 186 530 diviua
212 449 443 551 persuasione
473 453 520 524 de
547 452 677 528 virtute
703 452 803 543 Dei,
837 480 942 553 quam
970 454 1090 520 Cam

60 593 101 648 ut
131 570 299 645 Christus
330 569 584 643 demonstravit
613 571 831 661 Sadducaeis‚
868 575 945 670 qui·
962 577 1079 633 CXXH·

43 690 145 771 ,dam
164 688 292 775 etiam,
319 686 382 783 qui
399 687 547 759 aderant
561 687 771 777 scribarum,
799 695 1093 764 aixernnevvv

61 820 89 879 ei
112 803 180 896 a).·
209 813 386 892 Magister,
411 814 483 876 bene
508 816 627 878 dixisti.
694 815 758 893 Et,
784 826 826 879 ut
850 808 947 904 apud

62 923 284 997 Matthaeum
317 922 422 1018 supra
455 946 491 993 v.
526 945 583 1010 33.
615 921 764 1018 legitur,
791 934 952 996 audientes

63 1051 174 1128 trime,
202 1038 397 1111 mirabantur
420 1049 454 1109 in
479 1048 621 1109 doctrina
651 1051 735 1126 eius,
760 1061 954 1138 postquam

60 1156 194 1230 scilicet
237 1154 411 1228 attulisset
450 1154 666 1250 evangelista
703 1179 952 1253 argumentum

10 1300 12 1309 ·
63 1272 198 1346 Christi
220 1298 266 1344 ex
283 1270 360 1344 Dei
379 1271 498 1344 verbis
520 1273 565 1346 ad
582 1272 771 1371 Moysen:
802 1285 866 1362 Ego
876 1284 954 1365 firm

63 1398 146 1464 Deus
170 1400 330 1462 Abraham
354 1410 411 1469 etc.
436 1397 521 1463 Deus
545 1412 648 1466 autern
670 1421 731 1464 non
753 1413 799 1466 est
816 1408 953 1464 mortua·

10 1602 12 1613 Ι
61 1535 148 1596 mm,
165 1515 230 1598 sed
251 1519 436 1579 uiuentium.

123 1737 251 1832 'Quod
279 1758 554 1835 argumentum,
595 1739 681 1814 dum
712 1765 788 1814 non
821 1741 951 1816 desunt

60 1852 196 1942 hodie,
219 1856 295 1952 qui
325 1858 597 1954 blasphemant,
638 1857 707 1955 ipsi
737 1885 812 1931 non
842 1880 952 1932 atten-
1028 1917 1031 1922 .

61 1973 154 2044 dunt
185 1973 232 2045 ad
258 1974 369 2047 verba
400 1969 591 2071 illa'apud
623 1975 756 2047 Lucam
789 1959 946 2048 adiecta:

63 2099 172 2162 Omnes
193 2101 274 2162 enini
292 2103 409 2163 uiuunt
431 2104 468 2163 ei.
521 2090 669 2187 Quippe
691 2091 777 2164 Deo
803 2078 949 2186 quidem

60 2206 252 2296 convenit,
281 2234 326 2280 ex
344 2208 456 2281 nihilo
479 2234 615 2297 creare,
639 2208 842 2305 neutiquam
861 2233 948 2282 vero

59 2349 124 2411 ea,
155 2348 235 2420 quae
261 2326 416 2413 creavit,
444 2324 595 2413 iterum,
622 2325 723 2422 quasi
753 2351 826 2397 non
853 2325 947 2396 bene

59 2441 170 2528 facta,
198 2439 236 2513 in
267 2441 416 2514 nihilum
445 2442 633 2536 redigere,
659 2440 852 2539 praeprimis
885 2440 951 2514 uti-
980 2513 981 2516 ,
1030 2515 1032 2518 .

60 2582 131 2653 que
160 2556 335 2644 animam,
363 2559 408 2630 ad
435 2553 623 2654 imaginem'
648 2552 752 2632 luam
771 2550 945 2646 creatam,

58 2675 173 2747 veluti
203 2675 351 2748 halitum
383 2675 558 2749 divinum.
623 2674 707 2749 Hoc
738 2697 809 2764 est,
844 2676 947 2772 quod

57 2773 171 2865 habet
213 2791 456 2888 evangelista:
513 2803 620 2865 Omnes
656 2807 735 2865 enim
769 2808 885 2866 vivuat
921 2806 950 2865 ei

60 2908 198 3002 (electi
221 2910 395 2982 advitam
413 2930 579 2982 aeternam
602 2911 639 2980 in
662 2937 731 2997 eo,
759 2911 843 2983 ficut
866 2937 948 3007 pro·

59 3026 155 3099 misit
174 3025 358 3100 Abraham
370 3053 384 3097 t·
408 3037 472 3112 Ego
491 3056 541 3098 ero
564 3056 673 3100 merces
694 3049 751 3098 tua
773 3057 886 3113 magna
905 3040 950 3099 ni·

57 3157 118 3216 mis
129 3140 160 3234 )
181 3134 185 3141 ²
214 3149 372 3234 Eluntque
386 3149 469 3228 ficut
493 3155 592 3228 angeli
608 3153 668 3214 Dei
684 3157 717 3214 in
741 3155 840 3229 calis,
866 3170 947 3216 cum
1058 3202 1061 3216 ,

57 3261 126 3334 sint
156 3260 315 3334 eiusdem
347 3284 428 3331 cum
460 3259 527 3330 illis
556 3263 711 3342 naturae,
752 3260 948 3354 spirituales

58 3377 370 3473 immortalesque:
391 3377 554 3450 Christus
572 3403 682 3472 porro
702 3378 849 3473 perinde
864 3379 947 3449 Sad-

59 3495 193 3568 ducaeis
224 3520 263 3566 ac
294 3494 366 3565 aliis
395 3494 521 3566 Judaeis
554 3492 617 3566 fibi
645 3494 754 3565 fidem
788 3495 944 3568 divinam

59 3609 239 3684 miraculis
266 3611 430 3698 asseruit,
458 3611 544 3706 quin
572 3613 642 3692 ulla
670 3612 715 3682 de
746 3610 847 3682 dictis
877 3610 947 3683 suis
975 3633 976 3636 ’

57 3727 210 3825 relinqui
241 3749 363 3824 posset
392 3727 563 3800 dubietas.
631 3728 684 3800 Ea
712 3753 823 3812 vero,
863 3753 943 3822 quae

59 3846 172 3921 modo
196 3846 240 3918 de
262 3843 409 3917 vivente·
430 3846 545 3918 adhuc
566 3841 748 3922 Abraham
771 3862 836 3920 ete.
858 3863 946 3920 attu-

85 3991 121 4061 μ)
140 3993 205 4049 Luc.
227 3991 295 4048 XX.
315 4003 358 4058 39.
