2474 4568
585 304 817 324 Μ

265 272 335 354 358

115 408 229 499 CAPUT
261 417 351 494 latro
380 433 498 492 autem
529 412 598 486 iam
628 412 818 488 moriturus
835 439 869 527 a
896 383 1076 530 morIturo
1106 416 1138 524 in

95 525 248 591 chvtu
238 558 365 612 cruce
388 531 535 603 Christo
536 529 645 633 petit
664 528 716 602 sui
738 516 960 618 meminisse,
988 559 1069 634 cum
1078 557 1143 612 ve·

99 636 241 713 “V‘'
264 647 355 727 nerit
376 667 619 749 postmortem
642 647 678 722 in
704 668 850 742 regnum
868 649 991 755 suum,
1018 675 1136 746 agnos·

38 768 44 780 ‘
264 789 348 836 cens
368 789 404 835 se
429 786 508 836 cum
533 750 629 843 socio
653 763 760 870 digna
782 763 882 843 factis
902 765 1084 877 recipere,
1108 786 1136 840 et

265 901 377 958 meret
380 907 419 953 ur
441 880 562 980 audire
583 907 603 974 a
628 879 791 953 Christo:
830 873 929 954 Hodie
949 909 1069 955 mecum
1087 896 1136 955 en'r

196 1053 199 1059 ,
264 1009 299 1073 in
308 1007 459 1098 paradiso
476 983 526 1093 a).
554 997 591 1070 Ο
611 996 765 1072 divinam
784 997 993 1073 salvatoris
985 1024 1022 1070 rn
1042 1008 1134 1073 cruce'

147 1137 150 1143 ·
264 1099 493 1201 sententiam,
533 1102 734 1223 redimentis
773 1113 967 1189 humanum
1009 1101 1135 1222 genus,

265 1230 500 1333 paradisoque
525 1227 736 1309 restituentis
758 1256 820 1304 eos
846 1229 936 1305 Adae
944 1252 1135 1329 posteros,

228 1344 234 1355 ’
266 1371 418 1441 quorum
453 1366 683 1442 repraesentat
716 1344 772 1421 hic
805 1349 895 1433 latro
928 1351 1136 1443 personam!

266 1513 289 1550 ,‚
306 1461 368 1533 Ait
393 1467 484 1534 enim
501 1462 623 1554 Jesus,
650 1465 729 1539 sunt
752 1463 862 1534 verba
890 1462 922 1535 S.
947 1463 1077 1540 Leonis
1104 1461 1138 1535 P.

183 1574 185 1579 ⁸
267 1579 376 1656 Serm.
399 1578 444 1657 11.
472 1579 517 1651 de
541 1579 634 1656 Pass.
658 1577 745 1656 Dni
770 1587 868 1655 Hodie
892 1608 1009 1655 mecum
1032 1592 1090 1652 eris
1113 1591 1140 1649 ia

258 1696 438 1824 paradiso:
473 1695 659 1787 „Excedit
682 1686 874 1770 humanam
901 1695 1139 1770 conditionem

164 1897 169 1906 ‚
266 1811 334 1890 ista
364 1810 577 1914 promissi0,
602 1813 682 1889 nec
713 1829 783 1887 tam
809 1811 853 1885 de
880 1811 977 1910 ligno
1011 1812 1141 1893 crucis,

251 1953 374 2032 flatum
398 1929 442 2005 de
465 1929 597 2006 throno
620 1926 733 2003 editur
757 1927 948 2023 potestatis.
1001 1927 1064 2001 Ab
1091 1927 1143 2000 illa

269 2044 458 2132 altitudine
474 2044 656 2144 praemium
676 2043 777 2116 datur
797 2039 901 2131 fidei,
928 2038 963 2114 in
989 2069 1059 2141 qua
1079 2043 1143 2116 chi·

252 2151 483 2266 xiographum
515 2161 677 2238 humanae
711 2160 994 2255 transgressionis
1030 2154 1144 2242 abole·

142 2311 156 2354 f
270 2297 347 2349 tur:
376 2279 457 2372 quia
482 2301 518 2347 se
541 2277 653 2354 forma
679 2275 770 2353 servi
793 2271 911 2348 a'Dei
934 2277 1048 2354 forma
1073 2305 1143 2350 non

272 2392 427 2480 dirimit,
469 2382 553 2462 dum
593 2392 694 2467 etiam
733 2391 822 2469 inter
862 2392 938 2488 ipsa
976 2394 1143 2491 supplicia

270 2508 519 2611 proprietatem
559 2508 797 2604 unitatemque
834 2511 930 2587 suam
969 2496 1143 2596 servavit,

272 2647 306 2699 et
333 2625 442 2696 deitas
467 2625 696 2711 inviolabilis,
725 2646 759 2698 et
785 2646 907 2697 natura
934 2626 1145 2722 passibilis.“

272 2741 380 2845 Judaei
419 2740 730 2845 improperando:
784 2753 870 2813 Alios
900 2751 1014 2836 salvos
1043 2755 1175 2837 ficit,.

272 2889 302 2940 se
323 2871 420 2951 iprum
442 2887 499 2931 non
519 2880 621 2948 potest
631 2867 761 2946 salvum
775 2868 904 2947 fucere,
936 2871 1074 2932 Christus
1095 2887 1143 2931 rex

274 2986 374 3055 Israel
396 2996 451 3053 erc.
477 2970 738 3082 &agnoscunt
768 2977 930 3079 quidem,
965 2978 1142 3072 Christum

274 3091 400 3188 (quod
421 3089 525 3182 ¹fecit,
554 3091 717 3171 miracula
742 3092 946 3192 patrando)
975 3095 1063 3169 alios
1091 3097 1143 3166 fal·

273 3235 340 3303 vos
368 3209 513 3298 fecisse,
540 3210 600 3281 sed
627 3212 806 3295 temerarie
832 3205 983 3298 volunt,
1012 3231 1054 3287 ut
1075 3214 1142 3284 des·

273 3326 402 3405 tendat
427 3353 521 3401 nunc
549 3328 593 3398 de
617 3352 741 3413 cruce,
770 3350 804 3398 nt
824 3339 1007 3414 videamus,
1037 3352 1068 3400 et
1091 3355 1141 3399 crc-

271 3443 549 3527 dn111u551atro
544 3466 632 3518 vero
655 3468 869 3529 conversus,
898 3470 966 3550 nec
989 3440 1067 3542 ipse
1091 3471 1140 3542 pt·

271 3558 312 3641 tit
339 3551 497 3642 liberari,
528 3559 586 3636 [eu
614 3558 828 3636 descendere
856 3560 900 3631 de
927 3587 1056 3650 cruce,
1084 3586 1138 3634 uec
1176 3535 1179 3635 i

274 3699 314 3757 ut
339 3673 497 3750 Christus
527 3671 738 3763 descendat,
769 3669 829 3748 sed
858 3698 894 3748 ut
921 3699 1082 3751 mortuus
1109 3676 1137 3762 in
1175 3638 1179 3773 i

274 3817 378 3874 cruce
409 3790 458 3903 [ui
486 3790 708 3880 meminerit,
740 3819 819 3865 cum
846 3795 986 3894 venerit
1011 3796 1049 3867 in
1067 3792 1179 3918 reg-¹

308 3935 420 4017 mur.
434 3937 559 4054 XXIII.
578 3951 622 4015 44.
692 3935 723 4007 J)
740 3939 829 3996 Marc.
850 3904 914 3996 XV.
935 3953 979 4047 ar.
