2474 4568
53 442 366 541 ¹aliter-vestrum
399 462 525 516 natura
553 469 693 530 meum,
729 443 839 538 gratia
863 472 940 518 ves·
963 440 1083 515 cirus,

14 567 19 574 ’
48 542 165 644 „tritum
232 570 274 632 to
303 569 402 639 Deum
430 589 551 647 meam,
585 584 616 633 et
646 570 746 632 Deum
781 584 939 634 vestram:
958 561 1097 637 CLXXV(
1137 588 1141 592 ’

55 662 191 774 ¹Neque
216 675 276 754 hic
301 677 390 755 dixit
415 668 538 754 Deum
570 697 754 751 nostrumt
792 702 878 773 ergo
906 701 940 758 et
958 679 1100 741 ΨΥ*

57 794 118 867 hic
147 793 245 875 aliter
269 820 408 884 meum,
436 813 471 871 et
499 793 598 870 aliter
623 814 805 870 vestrumt
843 805 943 873 Deam

56 939 183 997 meum,
217 909 281 989 sub
314 936 388 1006 quo
410 900 449 991 et
466 936 544 1010 ego
570 911 685 1001 ,homo
710 913 808 1004 sum,
843 921 943 986 Dcnm

57 1049 219 1114 vestrum,
244 1027 335 1106 inter
354 1054 444 1129 quos
468 1047 502 1105 et
528 1028 603 1128 ipse
624 1021 798 1101 mediator
822 1030 942 1101 sum.“

59 1142 161 1224 Idem
190 1143 230 1222 S.¹
248 1145 375 1223 doctor
402 1145 485 1225 alibi
510 1149 628 1216 locum
654 1146 750 1216 hunc
774 1145 946 1216 sublimis-

59 1259 188 1337 simum
217 1280 336 1338 mente
360 1280 472 1365 ¹captu
503 1261 641 1348 facilem
672 1287 778 1338 omne
809 1263 945 1354 deside5

60 1376 155 1457 tium
178 1377 293 1453 cordis
319 1376 432 1454 nostri
457 1369 728 1475 exsuperantem
751 1399 874 1452 contra
894 1378 945 1450 Α.

63 1490 184 1570 rianos
212 1494 371 1596 vindicat
402 1494 572 1590 perinde,
610 1522 654 1568 ac·
677 1494 768 1566 inter
796 1495 882 1565 alios
909 1494 941 1570 S.

60 1598 270 1711 Augitstino
293 1631 494 1684 coaetaneus
513 1610 711 1710 Capreolus
733 1612 838 1707 episc.
861 1610 968 1682 Can.

60 1726 302 1833 thaginensis.
348 1727 476 1819 „Hic,
510 1727 674 1824 inquito
612 1724 716 1821 tn),
747 1749 833 1827 post
855 1727 945 1817 alia,

65 1844 284 1925 evidenter
275 1845 383 1942 ipsius
415 1844 589 1932 Domini,
628 1846 666 1921 id
698 1865 771 1935 est,
809 1845 882 1918 Dei
910 1865 945 1924 et

61 1953 287 2051 hominis,a
308 1947 521 2061 famulorum
544 1965 685 2034 suorum
717 1989 868 2059 persona
895 1962 945 2033 di

62 2076 276 2174 stinguitur,
314 2092 351 2151 et
379 2105 398 2150 a
430 2099 554 2156 natura
582 2077 726 2150 vocatio
753 2082 943 2178 separatur.

65 2192 240 2296 Quamvis
261 2195 353 2275 enim
373 2194 409 2272 id
432 2196 531 2299 quod
549 2196 754 2298 mandatur,
777 2196 845 2271 iam
864 2195 946 2272 ami·
1083 2247 1085 2255 -

63 2312 113 2384 cis
132 2312 318 2389 mandetur
339 2332 372 2383 et
388 2313 574 2399 fratribus,
600 2312 797 2414 ostenditur
815 2332 945 2405 tamen,

63 2428 154 2524 quid
172 2427 335 2501 Domino
355 2431 544 2516 debeatur,
570 2430 656 2525 quid
680 2429 785 2502 servis
810 2428 944 2500 caeteris

64 2544 254 2624 tribuatur.
290 2545 414 2622 Potuit
434 2573 587 2641 namque
611 2546 748 2622 dicere:
773 2545 946 2617 Ascendo

66 2663 112 2735 ad
133 2662 271 2734 Patrem
293 2659 475 2750 nostrum,
503 2685 536 2734 et
558 2663 601 2733 ad
623 2663 744 2734 Deum
768 2677 945 2733 nostrumr

64 2765 322 2876 quia'multum
346 2779 451 2851 distat
473 2779 563 2850 inter
589 2778 885 2866 dominationem,
913 2793 953 2860 et

65 2896 313 2971 conditionem
324 2929 341 2983 ς,
361 2897 451 2973 inter
473 2895 756 2990 generationem,
784 2916 818 2967 et
838 2898 948 2993 adop·

66 3015 222 3102 tionem5
242 3014 333 3086 inter
350 3012 597 3100 substantiam,
618 3031 651 3090 et
669 3011 832 3107 gratiam3
851 3013 949 3085 ideo.

66 3157 138 3229 que
161 3130 313 3215 hicnon
339 3131 532 3227 permixte,
561 3156 626 3219 nec
648 3129 777 3223 passim
802 3129 946 3202 diciturt

67 3248 242 3321 Ascendo
266 3249 309 3320 ad
333 3248 472 3326 Patrem
499 3269 677 3331 nostrum,
702 3246 801 3315 etad
825 3243 949 3323 Deum

68 3385 248 3452 nostrum,
276 3365 355 3436 sed:
384 3375 520 3435 Ascendo
551 3372 594 3436 ad
619 3372 744 3439 Patrem
771 3391 892 3448 meam,
919 3384 950 3435 et

70 3493 199 3556 Patrem
219 3504 377 3569 vestram,
405 3493 449 3554 ad
469 3492 568 3555 Deam
588 3509 705 3566 metim,
732 3503 763 3552 et
781 3489 880 3552 Deam
898 3508 951 3552 oe·

68 3622 180 3672 strum.
247 3599 362 3670 Aliter
397 3597 489 3668 enim
520 3597 571 3669 illi
605 3597 708 3669 Deus
740 3596 842 3667 Pater
878 3615 949 3684 est,

19 3712 25 3751 ²
69 3717 171 3791 aliter
197 3713 313 3787 nobis.
388 3712 491 3783 lllum
520 3713 704 3812 siquidem
714 3733 837 3813 natura
864 3737 952 3783 eoae

104 3892 137 3967 a)
160 3895 221 3956 Vid,
239 3897 267 3953 S.
285 3894 373 3948 Hilnr
391 3893 420 3946 de
436 3892 580 3958 Trinitate,
600 3890 646 3945 tib.
661 3890 716 3951 XI.
733 3908 760 3944 n
776 3906 817 3958 14.
828 3904 954 3963 p.1090.

138 3983 209 4038 Bibl.
228 3982 287 4038 I'P
309 3982 341 4036 P
362 3981 399 4036 X.
416 3992 443 4049 p.
463 3981 525 4046 496.
