2474 4568
120 415 235 480 cnur
350 418 655 517 onnon
711 416 1056 514 cxxxvnr.

92 509 632 693 QMANDATUM
663 602 885 681 NOVUNI
916 604 1142 684 MUTUAE

439 768 443 774 ·
500 729 900 806 DILECTIONIS.

261 899 411 991 Filioli,
445 897 568 977 adhuc
595 895 789 1005 modicum
819 896 1019 976 vobiscum
1047 893 1137 975 sum.

312 1017 497 1122 Quaeretis
534 1039 622 1092 me:
663 1026 701 1090 et
735 1010 829 1091 ficut
864 1014 943 1091 dixi
976 1011 1138 1095 Judaeis:

315 1134 408 1239 Quo
427 1157 500 1234 ego
513 1131 630 1222 vado,
648 1154 716 1209 vos
729 1155 809 1207 non
821 1133 979 1232 potestis
993 1135 1137 1208 venire:

311 1265 351 1329 et
382 1252 489 1329 vobis
520 1249 607 1327 dico
640 1246 785 1325 modo:
819 1247 1051 1328 Mandatum
1080 1271 1139 1326 no·

311 1392 402 1446 otim
432 1368 478 1444 do
511 1365 645 1444 nohis:
683 1376 725 1442 nt
759 1364 926 1462 diligaris
958 1367 1139 1456 invicem,

276 1571 278 1577 ‚
304 1482 401 1585 ficut
420 1484 536 1564 dilexi
559 1505 651 1572 vos,
677 1493 719 1558 ut
741 1493 777 1559 et
802 1503 869 1558 vos
893 1479 1065 1579 diligatis
1087 1483 1139 1558 in·

310 1605 438 1680 vitem.
489 1599 541 1679 In
569 1599 634 1691 hnc
662 1609 868 1698 cognoscent
892 1621 1031 1688 omnes,
1059 1600 1142 1695 quia

312 1717 483 1818 discipuli
498 1720 569 1795 mei
588 1719 692 1807 estis,
714 1718 748 1792 si
769 1715 994 1794 dilectionem
1012 1712 1141 1792 habue-

263 1850 267 1856 ·
313 1831 401 1914 ritis
426 1835 665 1913 adinvicem.
727 1828 789 1911 Jo.
816 1828 925 1910 XIII.
956 1822 1015 1929 33.
1044 1844 1114 1911 eto

132 2189 210 2276 Inter
236 2272 238 2277 .
265 2105 558 2250 Animadverte
584 2173 696 2249 verba
722 2200 789 2250 ceu
814 2169 1001 2249 tenerrime
1026 2186 1142 2248 aman·

96 2259 229 2389 ⁰¹¹3*
267 2292 309 2364 tis
335 2291 445 2388 patris
466 2290 715 2364 moriturientis
730 2278 755 2364 :⁴¹
776 2302 899 2380 Eitioli,
928 2303 1030 2365 adhuc
1051 2303 1145 2366 modi·

266 2438 336 2482 cum
362 2419 519 2480 uobiscum
538 2416 624 2497 sum.
696 2407 796 2502 Quid
824 2435 914 2484 vero
944 2408 1143 2502 testamenti

263 2530 348 2599 loco
375 2524 424 2597 eis
450 2522 613 2622 reliquit,
641 2524 725 2598 dum
752 2552 837 2614 eos,
864 2525 1018 2599 necdum
1040 2527 1145 2598 haere·

264 2642 407 2714 ditatem
433 2661 612 2737 paternam
640 2642 797 2715 adituros
820 2642 857 2714 in
880 2643 997 2731 coelis,
1025 2644 1144 2716 adhuc

263 2756 300 2828 in
322 2758 392 2829 hoc
417 2758 554 2827 mundo
580 2756 748 2858 reliquit?
798 2769 866 2853 Quo
883 2789 937 2846 ego
956 2771 1061 2847 vodo,
1082 2757 1142 2846 ait,

259 2901 320 2943 uos
351 2900 410 2943 non
437 2882 582 2963 potestis,
600 2885 704 2951 uentre
720 2896 807 2962 ..tet
826 2886 915 2966 oobg's
947 2887 1014 2948 dico
1041 2887 1142 2949 modo.

263 2988 400 3075 Vides,
434 2990 621 3084 quomodo
653 2990 884 3065 attentionem
918 3011 1065 3066 moveat
1097 2993 1143 3065 ad

262 3133 323 3194 ea,
351 3127 429 3203 quae
450 3106 606 3179 dicturus
632 3126 700 3194 est3
730 3128 765 3181 et
793 3111 880 3207 quid
903 3109 1015 3182 dicit?
1042 3108 1144 3182 Audi

190 3277 194 3287 -
260 3225 420 3298 ultimam
441 3229 663 3299 voluntatem
685 3225 873 3298 Salvatoris
894 3224 1022 3299 nostri:
1050 3234 1144 3297 Mna-

260 3351 371 3413 datum
400 3372 514 3413 novum
549 3354 589 3413 do
618 3354 733 3428 uobis,
769 3363 805 3412 ut
834 3352 974 3428 diligatis
999 3353 1143 3414 invicem.

262 3455 332 3536 Sed
354 3457 515 3552 nunquid
540 3482 640 3529 amor
662 3456 816 3554 proximi
840 3482 885 3529 ex
910 3458 1054 3531 duobus
1073 3458 1143 3532 iltis

259 3572 561 3660 mandatis-erat,
596 3573 632 3643 in
660 3572 787 3668 quibus
818 3593 892 3648 tota
918 3578 978 3647 lex
1005 3575 1143 3672 pendet

261 3711 297 3764 et
320 3690 535 3785 prophetae?
569 3687 621 3761 At
644 3711 717 3764 erat
744 3714 961 3789 praeceptum
986 3693 1058 3766 hoc
1082 3693 1142 3766 de·

213 3806 215 3810 ’
257 3824 444 3906 pravarum
460 3826 493 3877 et
508 3798 706 3903 neglectum
721 3809 807 3889 vitio
821 3809 1026 3898 hominum,
1044 3837 1140 3884 amo·

262 3948 300 3998 re
329 3921 482 4023 'proprio
513 3922 773 4014 abductorum,
806 3927 999 4024 prasertim
1033 3927 1138 4004 etiam
