2474 4568
315 306 382 371 142
632 260 872 334 2¹22!

164 433 277 494 Cll’vr
309 459 387 503 cum
421 430 585 517 coniicit,
626 433 686 526 qui
719 433 843 503 lectam
875 433 1072 528 suamtpro
1103 459 1191 504 vera

157 553 284 606 mlx·
310 549 434 619 statuat
465 547 630 621 Ecclesia.
693 549 805 643 quue
834 575 900 644 pro
929 570 1026 621 certo
1056 549 1191 637 babet,

152 666 384 736 wrote
420 657 514 736 illum
550 666 674 735 falsum
711 666 861 758 aliquem
896 667 1189 751 reformatorem,

310 782 408 851 cuius
444 781 562 852 missio
596 782 635 852 su
669 781 799 852 subtilis
830 782 1049 878 hypocrisis,
1088 783 1189 875 quod

309 897 455 992 proprie
482 898 521 969 stt
546 898 748 994 mysterium
777 897 967 991 iniquitatis
984 908 999 989 ἐ]
1026 900 1105 969 fore
1132 916 1189 970 au·

308 1034 377 1084 tem
404 1015 523 1098 illum,
561 1013 691 1085 invicte'
716 1009 953 1100 demonstrat,
991 1023 1103 1085 unum
1126 1016 1189 1087 ho·

308 1131 437 1226 minem
464 1132 673 1225 quemdam,
703 1157 775 1200 non
802 1131 924 1202 seriem
948 1131 1099 1226 aliquam
1126 1133 1188 1203 ho·

307 1248 465 1330 minum,
495 1252 633 1341 qualem
663 1234 931 1342 protestantium
961 1247 1124 1319 nonnulli
1152 1247 1189 1319 in

307 1364 389 1434 sede
418 1364 583 1434 Romana
608 1365 675 1434 iam·
704 1391 768 1458 per
794 1366 903 1435 multa
927 1366 1049 1435 saecula
1078 1364 1190 1435 finxe-

308 1502 395 1551 rant.
466 1481 562 1551 Idem
595 1491 840 1574 argumentum
872 1481 1032 1552 tractavit
1062 1493 1188 1576 postea

308 1617 430 1668 contra
453 1597 542 1667 Sam.
570 1597 622 1668 W
625 1597 846 1668 erenfelsium
874 1609 910 1668 de
939 1609 1058 1668 excidio
1089 1607 1189 1687 Baby-

307 1722 385 1783 Ionis
410 1725 495 1802 oprul
525 1724 554 1784 S.
583 1723 733 1793 ,Ioannem
760 1711 819 1800 a),
858 1715 957 1808 quod
988 1714 1113 1785 ilerum
1143 1713 1188 1784 dc

306 1829 479 1901 Romano
513 1830 664 1925 imperio·
701 1833 949 1918 idololatricO,
989 1831 1187 1935 Ecclesiam

309 1945 441 2017 Christi
476 1928 782 2041 persecutionibus
819 1948 934 2019 dirum
967 1948 1003 2018 in
1038 1949 1187 2020 modum

305 2076 510 2159 premente,-
539 2064 655 2160 deque'
684 2064 981 2161 populationibus
1011 2091 1075 2159 per
1104 2064 1187 2136 Ala-

304 2180 415 2251 ricum
446 2200 479 2252 et
502 2180 588 2252 alios
615 2181 736 2267 lactis,
764 2191 869 2276 atque
896 2180 932 2250 in
959 2181 1186 2277 apocalypsis

304 2298 416 2393 prima
442 2317 539 2394 parte¹
567 2297 746 2392 explicatis
776 2283 960 2392 usquead
988 2325 1064 2395 cap.-
1096 2299 1185 2371 XX.

306 2415 474 2510 exponit,-
507 2414 541 2483 in
570 2428 644 2508 quo
671 2414 792 2486 transit
818 2415 862 2486 ad
890 2415 1046 2486 ultimam
1071 2441 1187 2511 perse·

306 2532 484 2603 curionem
513 2530 680 2602 Ecclesiae
705 2531 741 2601 in
765 2533 837 2603 fine
863 2532 1001 2617 saeculi,
1037 2532 1185 2627 quando

206 2722 208 2728 ,
304 2649 495 2718 solvendus
519 2667 570 2718 est
594 2648 745 2733 satanas,
773 2648 879 2741 idque
903 2674 1007 2742 quam
1031 2644 1184 2720 maxime

304 2762 567 2835 observandum
596 2762 860 2848 animadvertit,
898 2765 1184 2859 persecutionem

303 2878 396 2950 illa‘m
426 2877 646 2973 potissimum
679 2900 862 2964 constare,
905 2881 989 2952 dum
1022 2883 1182 2968 satanas,

303 2995 363 3090 qui
383 2995 506 3088 ligatus
528 2992 640 3066 luerat
662 3021 723 3091 per
744 2997 837 3067 mille
859 3022 972 3068 annos
991 2993 1047 3087 u),
1072 3021 1185 3069 utnon

292 3121 426 3199 ‚sedruut
442 3134 563 3199 gentes,
589 3139 668 3184 cum
689 3113 922 3185 consummati
938 3114 1069 3186 fuerint
1089 3115 1184 3186 mille

216 3212 218 3217 s
304 3230 385 3300 anni
410 3231 544 3302 solutus
568 3229 692 3316 fuerit,
721 3243 757 3302 tle
783 3260 899 3303 carcere
913 3241 977 3321 suo
1004 3254 1035 3302 et
1059 3243 1180 3318 exibit,

302 3369 334 3417 et
347 3356 476 3433 seducet
498 3369 621 3431 gentes,
649 3376 712 3438 qur
723 3356 803 3432 stent
811 3356 909 3436 super
930 3369 1066 3439 quatuor
1088 3378 1185 3434 ongu-

248 3540 251 3547 ,
302 3473 348 3532 los
378 3484 461 3531 terrae
491 3485 547 3532 erc.
617 3463 658 3533 Id
683 3481 771 3534 vero
802 3463 997 3558 fingillatim
1027 3465 1185 3536 animad-

301 3579 434 3664 vertit,
448 3578 532 3650 nihil
549 3568 670 3652 baberi
691 3580 748 3651 hic
770 3581 814 3652 de
828 3581 1040 3677 martyribus
1057 3601 1117 3653 aut
1136 3583 1182 3652 de

251 3762 252 3767 ,
302 3696 414 3767 effuso
443 3698 611 3791 sanguine
631 3698 665 3767 in¹
694 3698 934 3789 testimonium
956 3698 1057 3783 lesu,
1087 3699 1181 3771 utin

301 3813 546 3911 persecutione
574 3815 819 3903 Romanae),
848 3815 932 3885 dum
960 3816 1120 3888 fallendo
1147 3836 1182 3888 et

335 3956 366 4030 a)
383 3962 424 4016 rr.
436 3973 463 4031 p.
477 3973 538 4026 701.
609 3956 640 4031 l)
658 3962 737 4032 Apso.
753 3962 819 4018 XX.
833 3975 859 4030 3.
873 3973 921 4018 etc.
992 3959 1021 4032 c)
1038 3964 1105 4033 Pug.
1120 3968 1182 4033 786.

138 3103 163 3137 d
