2474 4568
420 277 656 311 —

873 321 878 336 ·
907 291 976 375 185

50 452 66 498 a
113 431 196 505 cultu
234 426 270 498 in
308 426 419 498 brois
479 429 489 500 i
527 430 602 501 imis
637 431 800 504 successit
836 458 973 523 novos,
1004 432 1118 496 ΟΜΝ

50 568 61 612 i
105 573 208 639 ,qoem
239 543 407 617 ‚Christus
444 545 478 617 in
515 546 564 617 sui
602 549 974 621 commemorationem
989 527 1141 611 CXXXVIi
1227 603 1232 611 .

50 685 57 729 i
104 661 272 734 insituit·
296 644 373 731 ¹non
398 661 520 753 otique
543 663 576 731 in
601 664 704 734 nudis
728 666 826 760 panis
851 685 885 736 et
903 665 1131 736 viniw

50 819 52 831 ι
102 777 386 876 syrnbolis,secr
405 779 452 849 nd
480 806 512 848 m
545 804 671 873 egenas
697 780 741 852 V.
771 782 820 851 T.
846 781 977 876 figuras
1093 773 1094 776 ¹

99 915 135 968 et
156 895 301 967 umbras
324 920 367 964 eo
389 897 497 965 [ilum
525 893 741 983 discrimine,
768 898 866 993 quod
886 920 980 969 vete·

97 1027 156 1084 'res
174 1035 293 1083 essent
314 1011 406 1104 signa
429 1012 629 1082 futurorum
655 1012 689 1083 in
716 1039 808 1108 pane
832 1034 866 1085 et
889 1013 976 1086 vino

99 1128 203 1200 etiam
229 1127 296 1198 iam
322 1145 406 1198 tuac
427 1129 589 1222 quidem,
617 1129 676 1199 sed
699 1150 863 1224 praeterea
882 1129 975 1217 aliis,

50 1246 54 1254 ’
98 1264 206 1340 atque
237 1242 311 1314 aliis
341 1263 421 1314 ante
453 1246 567 1338 legem
603 1263 637 1315 et
664 1246 728 1316 sub
760 1249 838 1340 lege
874 1244 977 1340 signis
1028 1255 1031 1260 '

96 1363 213 1431 multo
249 1358 552 1460 expressioribus,
590 1360 752 1457 adeoque
784 1363 977 1434 secundum

97 1496 259 1548 naturam
284 1476 404 1570 figurae
429 1496 462 1547 et
477 1477 852 1566 commemorationis,
879 1464 978 1574 signi·

97 1591 342 1665 ficanti'oribns
373 1591 407 1662 in
440 1593 677 1666 destructione
707 1594 783 1690 ipsa
814 1594 976 1667 victimae.

96 1701 215 1801 Quod
238 1735 325 1781 vero
352 1709 412 1780 fiat
436 1707 493 1780 hic
518 1710 807 1783 commemoratio
836 1711 883 1782 rei
908 1710 997 1798 iarn¹

97 1824 301 1920 praeteritae,
323 1823 358 1895 id
382 1825 425 1897 ad
447 1827 698 1920 perfectionem
719 1827 875 1900 sacrificii
896 1833 978 1924 plus

97 1965 174 2011 non
207 1941 423 2028 conferret‚-
445 1944 640 2014 destrueret
671 1964 786 2016 autem
818 1967 977 2016 naturam

98 2054 146 2126 N.
171 2056 220 2128 T.
245 2081 321 2153 quae
346 2078 413 2145 est,
443 2077 599 2132 cessante
628 2060 772 2136 umbra,
800 2059 834 2128 in
859 2061 982 2155 spiritu

98 2194 133 2245 et
163 2172 308 2256 vferitate
339 2171 401 2262 o):
427 2187 530 2250 (Nam
561 2195 591 2244 ec
621 2183 716 2246 Pater
742 2185 819 2246 tales
848 2191 955 2266 quierit
971 2193 990 2263 ‚'

96 2303 152 2382 ptri
179 2299 308 2360 adorent
336 2295 413 2362 erim.
475 2301 609 2382 Spiritus
636 2300 813 2362 escDem:
847 2313 877 2362 et
906 2285 980 2378 eos,'

96 2417 154 2496 qui
179 2415 313 2476 odorant
336 2435 426 2493 enm,
452 2420 484 2478 in
495 2416 614 2498 spiriru
640 2429 670 2478 et
696 2422 832 2533 perflate
860 2428 981 2498 oportet

96 2533 240 2594 odorare.
304 2521 416 2615 Quod
445 2524 566 2617 utique
590 2524 880 2595 sacramentaliter
907 2547 981 2595 non

96 2639 283 2711 carnaliter
307 2641 369 2726 fit,
404 2642 549 2734 quando
574 2639 736 2713 Christus
759 2642 863 2736 super
885 2638 984 2711 altari
1040 2734 1042 2739 Ι

95 2763 221 2826 revera
245 2755 391 2841 fistitur,
419 2777 524 2852 atque
540 2756 702 2828 hostiam
726 2785 762 2830 se
794 2757 878 2829 Deo
902 2783 981 2827 ean-

98 2871 246 2943 dem-ac
270 2868 305 2940 in
328 2895 430 2945 cruce
456 2877 586 2959 offert,
610 2873 707 2944 iuxta
728 2875 827 2945 sacrae
850 2873 983 2944 institu-

95 2985 207 3059 tionis
226 2987 357 3074 verba,
385 3014 462 3084 quae
484 2993 650 3084 leguntur
675 2987 810 3065 Matth.
835 2989 979 3062 XXVI.

98 3107 158 3176 26.
188 3125 253 3178 etc.
280 3106 474 3198 eademque
496 3107 616 3177 Marc.
637 3105 739 3174 XIV.
768 3113 825 3176 22.
853 3126 918 3176 etc.
947 3121 983 3174 et

97 3221 201 3314 quod
228 3220 447 3293 oblationem
476 3221 623 3304 attinet,
650 3218 897 3312 significantius
923 3219 982 3290 ad*

97 3337 170 3409 huc
193 3337 279 3410 Luc.
305 3339 430 3410 XXII.
463 3364 540 3431 19.,
567 3335 717 3433 perinde
744 3360 784 3406 ac
811 3336 906 3432 apud
929 3335 978 3410 D.

99 3450 250 3524 Paulum
278 3454 305 3528 l.
329 3453 415 3527 Cor'.
437 3455 502 3527 XI.
526 3479 582 3542 24.
605 3474 694 3526 etc:
725 3461 788 3523 Hoc
812 3475 857 3524 est
876 3481 982 3542 corpus

91 3598 222 3655 mcum,
258 3582 341 3662 quod
356 3602 417 3663 pro
441 3583 528 3643 nobis
554 3583 715 3665 tradetur:
751 3579 807 3637 hoc
825 3577 929 3655 facite
950 3580 983 3638 in

97 3713 199 3757 meam
223 3699 535 3759 commemorationem
563 3742 570 3758 .
600 3743 607 3757 .
636 3739 644 3757 .
680 3695 738 3755 Hic
762 3689 846 3755 calix
866 3711 982 3754 novom
1024 3681 1028 3687 ’

98 3824 316 3885 testamentum
340 3829 386 3877 err
410 3819 440 3877 irr
462 3822 528 3876 mro
537 3812 712 3892 stramine,
741 3813 795 3896 qni
811 3829 873 3892 pro
895 3809 984 3870 vobis

133 3920 366 4022 amalum.
425 3999 427 4003 f
614 3955 616 3958 ’
