2474 4568
257 311 302 376 32
576 278 812 338 Ξ

114 434 228 499 ΕΔΜ
256 433 394 528 „Quid
424 433 595 532 significat
624 435 734 507 illud:
761 447 848 508 venit
875 444 982 510 hora?
1009 436 1135 535 quaerit

122 555 219 613 cxlv.
259 553 290 625 S.
317 554 369 625 Jo.
402 551 680 650 Chrysostomus
706 548 766 641 a),
803 553 960 642 dixerat,
988 569 1020 627 in
1045 568 1136 627 viam

103 676 388 758 “w-'gentium
412 697 448 741 ne
469 680 627 756 obieritis,
655 695 798 740 omnem
824 669 951 743 Judaeae
972 671 1135 768 praescin-

255 788 343 859 dens
362 786 568 881 pervicaciae
585 811 721 872 ansam,
741 785 820 859 illos
838 786 1011 860 cohibuit.
1036 788 1134 860 Cum

254 924 372 975 autem
406 903 457 974 ini
492 902 707 996 immorigeri
738 922 942 990 manerent,
981 905 1133 999 gentiles

254 1042 372 1092 autem
399 1021 569 1091 accedere
598 1022 753 1106 vellent,
789 1038 928 1117 tempus
963 1021 1132 1110 demum,

252 1135 391 1230 inquit,
428 1157 480 1207 est
505 1136 550 1207 ad
576 1136 777 1231 passionem
804 1137 1017 1223 accedendi,
1050 1163 1132 1210 cum

253 1254 374 1328 omnia
401 1253 543 1350 impleta
566 1253 642 1324 sint.
695 1252 789 1324 Nam
812 1253 841 1324 si
863 1253 1133 1327 contumacibus

249 1372 319 1444 illis
346 1373 483 1466 semper
509 1372 743 1456 haereremus,
782 1368 935 1465 illosque
963 1370 1132 1443 accedere

250 1486 413 1560 volentes
434 1514 518 1558 non·
531 1487 820 1573 admitteremus,
847 1487 1032 1583 indignum
1059 1489 1132 1561 hoc

250 1624 342 1676 esset
369 1603 595 1700 providentia
623 1603 754 1675 nostra.
819 1603 915 1695 Quia
935 1603 1041 1699 igitur
1065 1604 1132 1677 dis·

178 1763 182 1773 ·
250 1723 390 1819 cipulos
412 1723 492 1794 suos
519 1738 602 1816 post
624 1746 763 1792 crucem
791 1721 836 1790 ad
858 1740 981 1815 gentes
1008 1720 1132 1794 missu·

248 1860 308 1912 rus
329 1860 419 1925 erat,
447 1865 529 1911 cum
551 1836 649 1908 videt
668 1838 743 1909 illas
764 1830 832 1906 iarn
854 1838 1042 1925 accedere,
1065 1837 1130 1926 ait,

246 1976 389 2050 tempus
413 1981 510 2041 esse,
546 1975 585 2026 ut
606 1955 650 2025 ad
674 1979 817 2025 crucem
837 1953 987 2026 veniam.
1040 1953 1131 2026 Non

247 2092 351 2145 antea
379 2072 455 2144 s1vit
479 2072 671 2157 accedere,
708 2089 749 2142 ut
778 2069 816 2141 id
846 2089 937 2141 esset
967 2069 1004 2140 in
1038 2070 1131 2143 testi·

245 2189 408 2262 monium
430 2189 507 2261 illis.
557 2186 764 2282 Antequam
784 2185 875 2259 enim
895 2187 993 2259 illum
1018 2191 1131 2285 repel-

127 2330 137 2396 ἢ
243 2309 382 2393 ierem,
410 2326 599 2402 antequam
626 2304 662 2374 in
690 2329 828 2376 crucem
856 2323 1023 2398 agerent,
1052 2329 1129 2376 non

244 2421 355 2495 dixit:
382 2432 492 2495 Enntes
509 2432 611 2493 docete
630 2448 730 2491 omnes
744 2442 847 2506 gentes
854 2461 867 2506 ,·
888 2419 966 2491 sed:
989 2432 1023 2490 in
1038 2433 1127 2492 viam

240 2553 431 2626 gentiumne
450 2549 606 2622 abieritis,·
631 2554 683 2608 et:
717 2547 783 2607 Non
800 2544 990 2624 missnssum
1008 2550 1067 2608 nisi
1085 2545 1131 2610 ad

242 2668 338 2743 ones‘,
366 2681 430 2746 qua
448 2667 609 2744 perierunt
633 2663 739 2723 domus
763 2664 877 2738 Israel,
906 2672 959 2752 et:¹
990 2664 1060 2724 Non
1081 2673 1127 2727 est

240 2782 351 2844 bonum
375 2784 509 2860 occurere
525 2797 640 2858 panem
655 2777 815 2856 filiorum,
843 2789 873 2839 et
895 2779 969 2840 dare
990 2778 1125 2842 canibus.

243 2889 338 2962 Cum
362 2906 478 2958 autem
496 2884 583 2957 odio
604 2885 778 2958 haberent
795 2910 895 2972 eum,
919 2904 953 2956 et
970 2884 1018 2958 ita
1035 2886 1123 2959 odio

240 3005 436 3089 haberent,
475 3021 516 3074 ut
541 3002 766 3089 occiderent,
802 3001 1021 3098 superfluum
1050 3022 1141 3105 erat·

240 3120 451 3218 persistere,
479 3117 711 3191 renitentibus
735 3119 811 3192 illis.
865 3120 959 3190 Nam
987 3145 1124 3192 recusa-

240 3258 325 3309 runt
346 3237 445 3308 illum
469 3237 646 3309 dicentes:
677 3247 745 3307 Non
773 3247 918 3309 habemus
942 3230 1040 3322 regem
1064 3248 1125 3310 nisi
1159 3286 1166 3295 s

244 3366 397 3425 cesarem.
449 3352 559 3425 Tunc
587 3355 731 3425 demum
755 3352 835 3426 illos
861 3353 1012 3441 dimisit,
1039 3354 1123 3450 quia

240 3471 308 3568 ipsi
334 3471 469 3566 priores
501 3470 704 3541 dimiserant
734 3495 825 3542 eum.
888 3471 977 3542 Ideo
1007 3469 1120 3543 dicit:

138 3617 140 3623 ·
241 3599 368 3681 ,Quoties
392 3599 480 3657 uolui
501 3592 679 3671 iorigregare
695 3595 779 3672 filios
804 3609 941 3675 vestros,
969 3609 1000 3660 et
1024 3598 1123 3659 nolui·

233 3715 324 3777 rtis?
376 3703 475 3795 Quid
501 3702 564 3775 fibi
589 3706 687 3789 vult,
713 3731 844 3788 granum
858 3713 1033 3792 frumenti,
1061 3715 1122 3776 nisi

238 3831 349 3894 cadens
375 3833 408 3890 in
434 3844 547 3891 terram
578 3842 733 3892 mortuum
749 3831 882 3927 fuerit?
924 3820 987 3895 De
1015 3827 1121 3896 c'ruce

273 3963 309 4038 ο)
325 3964 405 4031 Hom.
422 3964 531 4027 LXVI.
549 3984 575 4022 n.
596 3983 621 4024 2.
644 3965 677 4023 r.
700 3965 786 4024 arn,
802 3979 829 4038 p.
849 3970 910 4036 39⁶.
928 3977 977 4027 m.
