2474 4568
382 276 614 317 ——r
786 375 790 382 .
895 313 908 366 ¹
917 313 940 383 7

56 438 195 520 urbemi
248 445 326 515 Ecce
345 469 469 528 regnum
492 450 551 512 Dei
574 453 660 514 intra
681 469 739 514 vos
758 461 813 516 etto
863 439 938 515 lam
964 439 1078 505 clm

57 564 180 649 adest,
208 559 300 633 inter
319 579 387 633 vos
406 557 544 630 medius
566 558 647 645 stat,
674 538 765 648 tronto
781 559 839 631 ille
860 571 943 631 nobi·
991 559 1083 616 ΒΗ·

58 691 97 752 lis·
125 691 261 769 accepere
275 658 338 762 stln‘
362 704 486 762 regnum
510 674 619 747 Filius
645 674 742 764 Dei,
779 676 943 752 Verbum
959 675 1101 742 “W-

57 796 302 868 incarnatumr
330 803 373 866 Et
391 802 528 864 uidimus
548 803 681 878 gloriam
702 805 785 880 eius,
809 804 944 880 gloriam

58 924 152 1006 quasi
177 922 328 998 unigeniti
351 937 372 980 a
397 919 514 995 Patre,
538 919 660 998 plenum
680 923 790 993 gratie
810 932 841 985 et
861 923 944 981 oeri-

59 1042 157 1117 totis,
186 1047 294 1124 qnam
319 1046 387 1100 vos
414 1023 576 1121 spernitis
602 1024 726 1096 Judaei.
778 1037 850 1100 Ideo
875 1036 945 1098 dico

57 1155 167 1218 nobis:
194 1151 355 1232 auferetur
374 1169 396 1212 a
416 1151 505 1212 oolris
522 1169 645 1227 regnum
668 1150 748 1229 Dei,
772 1165 804 1215 et
820 1152 945 1217 clabitur

56 1275 143 1350 genti
152 1247 290 1352 facienti
298 1268 429 1348 fructus
451 1270 516 1330 eius
540 1254 591 1348 a).
654 1257 749 1332 Hinc
770 1281 945 1332 constanter

59 1389 181 1450 Paulus
215 1397 247 1450 et
283 1386 445 1449 Barnabas
479 1373 747 1449 adversantibus
782 1377 947 1475 Evange-

58 1496 110 1569 lio
135 1492 286 1581 Judaeis,
314 1504 461 1564 dixerant
483 1486 546 1581 b):
589 1503 679 1568 Vobis
702 1501 864 1584 oportebat
877 1505 946 1584 prta

59 1640 145 1684 mam
173 1621 259 1704 loqui
291 1617 418 1682 Verbum
447 1616 528 1680 Dei:
543 1616 606 1697 fid
629 1621 775 1700 quoniam
800 1620 948 1701 repellitis¹

57 1738 155 1816 illud,
183 1749 216 1800 et
233 1737 372 1813 indignos
387 1753 446 1796 vos
465 1735 613 1796 indicatis
634 1749 745 1797 eterne
764 1739 854 1815 vite,
880 1749 946 1799 ecce

59 1857 268 1917 convertimur
300 1853 345 1914 ad
364 1863 492 1928 gentesr
517 1847 565 1927 fic
592 1855 670 1914 enirn
689 1856 835 1934 pracepit
860 1853 946 1915 nobie

60 1971 233 2032 Dominasr
261 1970 355 2031 Posui
379 1981 409 2031 te
433 1971 467 2029 in
489 1968 584 2030 lucem
604 1972 760 2048 gentium,
788 1981 824 2033 ut
839 1964 886 2045 fis
910 1963 946 2032 itt

50 2086 189 2168 salutern
213 2085 372 2168 usquead
392 2073 563 2149 e'xtremum
584 2097 677 2148 terra.¹

136 2302 339 2406 Apostolos
367 2305 473 2403 igitur
498 2306 632 2404 primos
657 2307 704 2380 ad
729 2301 946 2381 constituen·

24 2465 28 2473 ¹
63 2429 232 2522 damper
256 2424 380 2497 orbem
407 2424 604 2496 Ecclesiam
632 2428 805 2520 elegerat,
834 2424 947 2497 dedit-

63 2569 131 2641 que
161 2543 284 2614 decem
310 2565 409 2613 mnas
435 2537 547 2612 homo
574 2539 633 2613 ille
659 2542 814 2630 nobilis,
843 2541 946 2614 Chri-

62 2678 137 2732 stus
159 2657 342 2730 Dominus
366 2681 412 2729 ex
440 2656 659 2729 nobilissima
685 2659 840 2737 Abrahae
864 2685 948 2756 pro·

10 2764 30 2935 p
62 2775 180 2872 sapia,
208 2773 318 2845 immo
338 2773 437 2847 cuius
464 2775 667 2872 prosapiam
690 2776 804 2849 Lucas
832 2802 948 2874 usque

65 2893 110 2965 ad
128 2890 255 2987 'Adam
279 2890 444 2976 deducit;
471 2890 568 2964 cives
590 2913 708 2964 autem
738 2894 811 2966 eius
825 2893 948 2967 ludaei

11 3000 20 3143 Ἰ
67 3033 195 3105 nempe
226 3005 385 3078 eiusdem
412 3008 585 3104 prosapiae
616 3009 835 3082 contribules
862 3012 949 3084 ode·

16 3202 21 3225 Ι
67 3142 147 3198 ¹rant
171 3149 274 3211 eum,
302 3149 342 3196 ac
366 3123 557 3196 etiamnum
580 3120 688 3197 hodie
710 3126 855 3198 dicunt:
888 3139 949 3197 No-

18 3242 23 3335 {
67 3253 166 3315 lamus
185 3250 265 3311 trane
285 3266 411 3325 regnare
420 3247 520 3329 saper
541 3270 595 3310 nos
605 3283 617 3324 ‚·
644 3242 948 3336 quemadmodum

20 3360 24 3397 ³
69 3358 172 3444 toties
202 3355 337 3463 Pilato,
370 3381 490 3453 regem
525 3355 574 3428 eis
607 3356 789 3432 Christum
817 3382 948 3456 propo·

11 3527 14 3547 ,
72 3495 195 3562 neate,
212 3477 420 3561 reclamant,
439 3499 505 3547 nec
520 3474 660 3546 titulum
679 3475 793 3548 crucis
810 3473 946 3549 ferunt:

11 3615 29 3668 t:
74 3601 156 3672 Jesus
174 3603 364 3665 Nazarenus
386 3600 452 3684 lltx
474 3601 658 3672 Jnaaorumc
697 3591 841 3664 Interim
862 3591 963 3667 chris:

11 3682 35 3807 αξ
76 3708 209 3797 suanis,
236 3708 305 3781 suis
326 3702 454 3798 servis,
477 3703 750 3803 divitiaergratiae
774 3708 849 3782 eius
867 3710 949 3784 sunt

11 3832 35 3888 1²²
103 3852 134 3926 a)
150 3857 254 3913 Macro.
275 3854 360 3912 rar.
378 3867 423 3925 n·
507 3850 539 3923 r)
557 3854 617 3911 aer.-
639 3852 729 3912 narn
748 3858 794 3924 4⁶⁴

34 3972 38 3981 ·
118 3946 230 4023 Ton.
258 3945 322 4020 ΙΙΙ.
613 3943 645 4017 Β
811 3958 813 3963 “
