2474 4568
434 280 667 340 εει-..-
811 344 820 352 ,
918 313 988 379 103

104 434 233 536 prodit
272 435 460 534 prophetici
493 438 687 512 Ezechielis
726 441 771 513 de
807 436 893 536 Gog
927 438 990 530 a),
1016 436 1132 502 ΟΜ·

101 581 212 651 quem
240 553 422 627 Dominus
443 558 545 651 super
567 556 673 628 Israel
693 559 910 630 adducturus
932 558 987 645 fit,
1000 557 1141 616 CXXVII·

102 697 212 768 quem
233 670 388 745 Ioannes
412 673 529 768 Apoc
557 672 645 745 XX.
669 699 702 762 7
728 695 811 772 post
836 676 1139 769 regnumVW

103 789 250 861 demum
276 788 408 861 Christi
428 789 659 862 millenarium
681 790 717 862 in
738 790 836 863 terris
856 790 982 864 iterum
1044 823 1045 826 ¹

104 905 343 982 deiiciendum
373 906 583 978 denunciat:
613 918 649 978 In
673 920 844 980 novissimis
878 917 983 979 diebus

102 1034 185 1108 eris,
223 1043 254 1093 et
284 1032 435 1095 adducam
471 1031 617 1112 tevsuper
645 1045 758 1095 terrum
788 1052 910 1096 meum:
946 1042 983 1096 ut

56 1154 58 1163 '
94 1145 201 1231 sciant
223 1159 327 1222 gentes
350 1166 419 1224 me,
452 1167 519 1209 cum
536 1147 754 1226 sanctificatus
770 1149 865 1230 suero
894 1153 926 1210 in
952 1137 993 1213 te'

102 1265 134 1324 in
152 1264 253 1325 oeulis
271 1257 389 1341 eorum,
413 1284 432 1324 ο
455 1266 518 1341 Gog
532 1277 587 1326 etc.
639 1255 725 1328 Haec
746 1283 780 1329 v.
813 1262 865 1329 16.
889 1257 982 1354 capi·

56 1374 59 1479 j
101 1368 143 1442 tis
169 1369 338 1464 trigesimi
363 1373 478 1444 octavi
508 1372 637 1444 Ezech.
666 1371 704 1444 in
729 1400 802 1469 quo
829 1373 981 1446 debella·

56 1536 60 1619 p
102 1487 151 1558 tio
180 1485 270 1582 Gog
297 1488 527 1575 describitur,
561 1490 760 1586 iterumque
793 1490 904 1585 capite
933 1492 985 1562 se·

56 1634 59 1691 ς
101 1603 226 1699 quenti
259 1602 416 1677 vindicta
452 1606 572 1679 divina
601 1607 638 1680 in
676 1608 797 1694 illurn,
836 1608 990 1680 demum.
1094 1622 1103 1633 “

101 1719 264 1792 reductio
294 1722 408 1816 gentis
437 1720 588 1794 Iudaicae
619 1748 659 1795 ac
687 1723 914 1797 sanctificatio
943 1724 979 1797 in

102 1855 209 1922 terra,
232 1865 258 1911 a
280 1847 328 1913 die
353 1846 408 1908 ida
431 1860 461 1908 et
484 1849 631 1929 deinceps.
681 1840 735 1913 Sic
756 1841 859 1913 etiam
882 1840 981 1913 intel·

96 1952 158 2047 ligi
187 1974 341 2048 possunt
368 1955 562 2050 prophetiae
593 1955 717 2029 Ierem.
750 1957 891 2028 XXIII.
921 1980 980 2031 20.

106 2077 170 2140 Non
191 2059 363 2141 revertetur
378 2079 472 2158 furor
494 2080 637 2156 Domun',
662 2100 756 2163 usque
777 2083 848 2143 dum
859 2085 979 2161 furiat,

82 2207 131 2256 ¹et
153 2214 251 2277 utque
275 2195 347 2256 dum
371 2195 524 2277 compleat
548 2198 762 2272 cogitationem
787 2198 884 2258 cordis
899 2197 981 2278 fui:

101 2313 132 2371 in
161 2313 342 2373 novisn'mis
376 2313 479 2374 diebus
511 2294 686 2389 intedigen's
720 2314 877 2374 consilium
906 2317 980 2376 eius.

104 2415 192 2509 Quae
229 2418 341 2491 verba
377 2418 502 2491 iterum
533 2445 608 2515 cap.
637 2419 765 2491 XXX.
795 2444 852 2508 24.
884 2446 983 2515 repe·

101 2535 238 2608 tuntur.
285 2534 390 2608 Oseae
418 2535 480 2612 III.
503 2559 565 2623 4.:
605 2544 726 2607 Multos
753 2548 816 2609 dies
831 2545 981 2625 sedebunt

96 2658 154 2736 filii
190 2657 292 2725 lsrael
311 2659 379 2739 stne
408 2681 497 2740 rege,
526 2675 557 2724 et
576 2659 644 2740 stne
665 2666 829 2744 principe,
864 2675 894 2726 et
914 2658 983 2739 stne

91 2777 327 2873 scicrificiopet
341 2776 408 2855 stne
432 2779 555 2858 alturi‚'
574 2793 605 2843 et
620 2776 688 2855 fine
712 2781 837 2862 Ιζυὴοά,
865 2791 896 2842 et
917 2772 985 2855 fine

56 2899 58 2943 ;
106 2893 278 2976 Yernpln'm.
330 2896 372 2957 Et
387 2907 463 2976 post
486 2897 544 2958 hec
569 2906 760 2960 revertentur
785 2895 849 2974 filii
874 2896 988 2971 Israel,

56 2948 59 3059 i
103 3022 132 3072 et
153 3024 286 3094 quaeerit
306 3010 472 3075 Domitium
498 3013 597 3076 Deum
611 3013 728 3092 suum,
756 3027 787 3076 et
812 3013 922 3074 Dovr'd
941 3032 985 3074 re·

98 3144 163 3202 gem
176 3127 300 3207 suurn:
333 3142 364 3191 et
386 3131 548 3210 pavebunt
577 3131 621 3191 ud
652 3131 844 3206 Dominum,
884 3141 913 3190 et
944 3129 988 3190 ad
1025 3135 1031 3147 '

99 3243 283 3307 bonumeius
293 3249 324 3306 in
338 3247 504 3306 novissimo
515 3247 641 3306 dierum.
674 3236 841 3309 Michaeae
855 3233 918 3304 IV.
933 3255 985 3306 r.:
1088 3276 1093 3297 ·

102 3359 138 3422 Et
168 3365 257 3423 erit:
291 3363 328 3423 In
353 3364 520 3423 novissimo
545 3363 662 3423 dierum
689 3365 747 3424 erit
767 3381 852 3424 mons
877 3363 985 3425 domus

103 3473 224 3540 Domini
233 3493 431 3559 preparatus
447 3483 480 3541 in
495 3483 609 3542 vertice
627 3482 776 3541 montium
795 3493 850 3542 etc.
872 3464 987 3541 Con·
1037 3483 1042 3503 “

102 3587 222 3657 cordat
244 3587 387 3659 ultimos
406 3580 670 3685 prophetarum'
684 3586 887 3658 Malachias
908 3586 988 3658 uIti·

103 3702 159 3775 mis
192 3702 298 3774 etiarn
329 3706 523 3803 prophetiae
553 3706 623 3775 fuae
656 3703 774 3776 verbis
806 3729 880 3799 cap.
920 3701 983 3775 IV.
1057 3794 1060 3798 ι

106 3825 171 3890 Ecce
201 3848 256 3905 ego
286 3833 411 3892 mittam
440 3821 528 3894 nobis
558 3833 659 3892 Elium
683 3830 869 3912 prophetam
902 3840 986 3890 onte·

135 3959 164 4031 a)
183 3954 280 4024 nien.
302 3969 481 4027 xxxurrr.
501 3978 527 4022 n
546 3968 689 4025 XXXIX.
721 3949 723 3951 ’
