2474 4568
421 230 655 297 Β
907 261 976 340 271

90 396 222 472 dam
202 423 248 469 .1n
278 395 460 494 gaudium.
523 398 652 471 Certos
681 424 743 472 eos
769 384 840 474 iam
867 403 983 476 reddi·
1007 394 1124 460 0¹²⁰*

93 505 199 589 derat
228 514 393 611 magister
423 515 577 588 veritatis
609 513 674 605 α);
719 528 787 590 Non
812 529 982 612 relinquam
1034 496 1104 572 cn·

92 661 154 704 vos
176 639 497 729 momenmentum
518 643 562 704 ad
580 661 647 704 vos.
690 644 801 706 Adhuc
819 631 1136 726 πάππῳ

94 769 127 822 et
147 759 279 820 mundus
300 777 347 820 me
372 762 435 819 iam
460 776 519 820 non
542 759 640 821 videt.
698 762 757 822 Vos
777 774 881 824 autem
897 765 984 826 oide-

94 877 140 937 tis
168 893 234 952 me,
262 878 337 956 quia
364 892 417 950 ego
440 877 540 950 nivo,
567 886 599 938 ct
621 894 679 938 vos
707 881 835 941 vivetis.
884 881 927 943 Et
952 885 985 944 in

94 991 150 1056 illo
174 992 223 1054 die
249 993 448 1068 cognoscetis,
476 993 552 1073 quia
576 1010 629 1067 ego
641 990 718 1070 sum
738 998 772 1055 in
789 995 884 1059 Patre
905 1017 982 1076 meo,

95 1119 129 1178 et
151 1127 210 1170 vos
235 1111 268 1168 in
292 1126 361 1184 me,
388 1119 419 1170 et
446 1127 500 1184 ego
525 1111 558 1168 in
580 1110 690 1186 vobis,
717 1086 756 1172 in
779 1122 909 1176 aeterna
933 1105 984 1176 ni*

95 1215 226 1288 mirum
252 1216 335 1302 illa,
362 1234 448 1310 post
472 1215 567 1286 hanc
597 1216 782 1306 miseram,
809 1241 850 1293 ac
878 1220 984 1295 unice¹
1055 1249 1056 1253 ’

94 1332 191 1408 felici
220 1332 317 1418 vita,
355 1333 400 1403 de
431 1356 502 1426 qua
527 1329 627 1404 iuxta
657 1335 811 1406 eundem
842 1357 986 1433 aposto*

95 1440 172 1527 ium
205 1472 240 1525 et
271 1449 522 1547 evangelistam
556 1439 709 1547 aquilam
738 1436 804 1542 b)2
845 1463 986 1543 Scimus,

96 1582 265 1664 quoniam,
303 1598 371 1641 cum
405 1579 607 1660 apparuerit,
638 1575 754 1653 similes
788 1581 817 1640 ei
850 1583 985 1642 erimus.-

96 1700 246 1782 puoniom
269 1696 450 1758 videbimus¹
470 1710 562 1772 eum,
592 1690 689 1771 ficati
714 1705 779 1771 est,
814 1711 888 1757 non
915 1667 986 1761 iam

93 1811 320 1897 perspeculum
336 1814 369 1874 in
386 1813 563 1888 aenigmate,
580 1788 736 1890 sedsacie'
749 1810 916 1890 adfaciem
930 1801 986 1892 c).-

97 1946 207 2018 quam
237 1917 398 2014 theologi
432 1917 608 2024 visionem
640 1915 839 1990 intuitivam
868 1923 987 2017 appel

97 2041 195 2122 lant,
237 2034 321 2106 dum
349 2034 461 2107 modo
498 2059 564 2106 nec
594 2021 709 2129 ipsam
738 2035 892 2137 animam
925 2063 990 2108 no·

96 2175 207 2228 stram
222 2150 493 2248 cognoscimus,
516 2149 582 2222 nisi
573 2133 814 2224 abstractive
838 2160 987 2240 tantum,

97 2292 134 2346 tt
162 2291 339 2362 exparte,
374 2270 473 2343 iuxta
500 2270 729 2366 apostolum:
770 2275 854 2342 Tunc
880 2285 986 2341 autem

97 2409 349 2478 cognoscam,
318 2393 402 2474 ficut
432 2408 463 2461 et
489 2399 627 2474 cognitus
641 2393 789 2476 fi1m4a
824 2383 911 2459 Deo
939 2367 993 2457 ni·

96 2507 254 2612 mirum,
288 2525 328 2577 ut
358 2504 391 2576 S.
423 2504 623 2578 Thomas
614 2521 886 2612 1nterpretntur4
914 2516 989 2601 quo
1078 2516 1082 2523 ’

99 2624 186 2722 ipso
214 2623 480 2696 summobono
507 2639 568 2694 'ero
591 2603 739 2697 beatus:
768 2620 900 2720 quippe
927 2620 990 2718 qui

98 2740 304 2838 „seipsum
331 2760 371 2814 ut
392 2760 472 2813 cum
498 2740 529 2812 S.
554 2740 760 2838 Augustino
782 2745 910 2837 loquar
931 2737 989 2831 d),-

99 2883 178 2954 quo
214 2858 340 2962 melius
372 2878 432 2929 aut
464 2855 577 2930 maius
618 2859 706 2930 nihil
748 2884 823 2931 esse
854 2854 996 2954 possit,

100 2949 277 3072 promisit.
331 2974 432 3067 Quid
459 2993 511 3047 est
538 2974 631 3046 enim
656 2975 770 3062 aliud,
797 2976 896 3071 quod
921 3001 988 3072 per

101 3092 320 3191 prophetam
350 3091 459 3177 dicit:
497 3099 560 3162 Ero
588 3101 710 3162 mortim
737 3101 844 3179 Deus,
879 3113 909 3163 et
929 3088 994 3183 ipsi

101 3217 195 3283 e'runt
220 3217 298 3280 milii
312 3216 423 3298 plebs:
450 3207 518 3278 nisi
541 3233 610 3301 ego
637 3233 720 3294 ero,
749 3207 845 3279 unde
867 3207 995 3283 satien-

103 3327 191 3400 tur?
225 3350 293 3421 ego
325 3348 408 3412 ero,
443 3349 676 3421 quoecumque
707 3322 752 3396 ab
783 3322 992 3398 hominibus

102 3445 257 3516 honeste
283 3440 604 3530 desiderabantur,
630 3462 665 3515 et
690 3440 788 3529 vita,
815 3456 850 3514 e‘t
877 3443 991 3530 salus,

104 3581 140 3634 et
165 3560 306 3646 victus,
344 3576 379 3630 et
402 3559 528 3656 copia,
564 3577 599 3633 et
619 3559 754 3656 gloria,
787 3577 822 3631 et
847 3559 966 3630 honor
980 3608 992 3647 ,

139 3754 173 3827 ι)
200 3756 282 3823 joan.
298 3724 395 3810 XIV.
424 3765 466 3815 18.
495 3759 543 3808 ete.-
654 3744 685 3822 Β)
711 3741 738 3810 Ϊ.
764 3741 844 3820 Ionn.
874 3743 937 3809 ΙῙῘ.
966 3771 991 3808 2.

172 3838 203 3909 e)
229 3843 256 3896 I.
279 3843 335 3896 Cor.
357 3840 448 3895 XIII.
470 3856 513 3894 12.
599 3835 631 3906 ti)
656 3837 715 3895 Lib.
737 3839 840 3910 XXII.
858 3840 888 3894 de
903 3839 991 3896 tivit.
1025 3883 1026 3887 η
1130 3889 1133 3897 .

173 3929 244 3996 Det,
262 3946 286 3984 c.
307 3939 351 3997 30.
370 3931 452 3983 totius
470 3929 552 3997 operis
568 3926 670 3982 intimo.
775 3978 777 3984 .
