2474 4568
429 352 660 366 Μ

911 334 982 404 127
1093 295 1095 300 ⁵

98 457 342 536 Ecclesiarum
369 457 571 548 scissiones,
600 479 707 533 terret
730 480 890 535 mutuum
917 465 984 536 fra·
1008 459 1124 524 ΟΜ

98 598 194 653 trum
220 575 367 649 odiunt:
396 595 431 648 et
455 572 530 648 haec
558 577 701 673 quidem
728 581 888 657 dicantur
912 600 984 651 tan·
1004 581 1132 638 cxxix.

96 712 196 779 tum;
216 685 316 766 'absit
334 720 423 766 vero
443 713 483 765 ut
504 694 631 766 nostris
655 694 874 792 temporibus
891 701 1136 772 com-W*

96 814 284 915 pleantur,
313 811 405 885 cauti
429 832 546 883 tamen
566 811 707 885 interim
729 812 865 884 fiamus.
877 816 900 851 ‘⁶

178 1044 323 1117 Eodem
359 1043 487 1127 timore
524 1071 597 1141 quo
629 1045 662 1121 S.
693 1045 872 1142 Cyrillus,
912 1072 990 1144 per·

102 1166 221 1238 culsus
254 1186 399 1256 quoque
427 1162 540 1234 fuerat
567 1163 615 1234 ob
643 1162 813 1236 Arianarn
829 1164 989 1237 haeresin

101 1298 281 1381 potestate
310 1278 426 1349 saeculi
457 1280 632 1352 suffultam
661 1279 795 1376 ubique
824 1279 989 1356 obtinen-

102 1417 173 1471 tem
205 1395 238 1467 S.
262 1392 439 1482 HilariuS,
478 1417 517 1470 ut
543 1396 763 1469 ostendimus
791 1418 989 1472 memorato
1042 1448 1047 1460 ·

104 1514 208 1588 'etiam
232 1537 319 1583 mox
340 1511 452 1598 libro,
480 1514 541 1610 qui
564 1535 686 1587 contra
708 1514 931 1588 Auxentium
954 1542 991 1597 n„

105 1652 137 1722 ς.
163 1628 343 1727 scribens:
388 1628 583 1716 „Necesse
614 1652 686 1717 est,
714 1630 785 1715 ait,
813 1629 849 1701 in
878 1631 993 1727 ipsam

105 1772 171 1821 nos
199 1765 338 1817 aetatem
361 1746 557 1819 antichristi
584 1747 805 1819 incidisse:“
841 1747 875 1825 S.
898 1746 995 1819 Basi-

103 1853 282 1938 lius'item
309 1863 354 1934 ad
381 1862 414 1934 S.
450 1863 665 1959 Gregorium
699 1865 744 1937 de
771 1864 896 1938 iisdem
922 1885 993 1938 tur·
1089 1861 1092 1867 ’

105 1978 354 2053 bulentissimis
388 1982 610 2078 temporibus
644 1983 743 2079 spem
778 2002 895 2054 tamen
930 1983 993 2053 du·

105 2098 199 2172 biam
225 2096 451 2193 concipiens:
480 2099 580 2186 „Sed
605 2098 653 2184 si,
680 2095 878 2188 scribito),
907 2098 997 2169 nihil

109 2213 268 2288 evenerit
296 2240 441 2302 eorum,
470 2240 547 2312 quae
575 2217 777 2312 speramus,
808 2241 883 2286 non
912 2240 995 2309 pro·

107 2336 161 2407 cul
183 2334 286 2405 abest
304 2330 438 2403 Christi
458 2333 640 2405 iudicium.
656 2336 677 2371 “
726 2332 774 2405 Et
795 2332 827 2414 S,
847 2331 995 2404 Barsam

105 2450 330 2527 Edessenum
349 2448 454 2545 episc.
471 2446 508 2539 ὁ)
528 2449 781 2522 sanctissimum
797 2447 995 2521 adoratio·

105 2594 210 2657 nem,
232 2560 329 2663 spem
347 2566 438 2638 inter
459 2587 494 2639 et
514 2587 665 2653 metum,
688 2567 866 2638 hortatus:
894 2564 995 2667 „Ue

104 2684 178 2772 ait,
218 2682 402 2756 Dominus
437 2710 513 2755 non
549 2685 662 2755 tradat
697 2709 764 2755 nos
798 2682 836 2753 in
871 2708 997 2778 perpe·

105 2820 210 2877 tuum
236 2800 384 2872 inimicis
415 2800 527 2891 crucis
553 2799 708 2887 Christi,
735 2800 797 2872 fed
821 2800 1001 2878 custodiat

106 2917 272 2995 ecclesias
290 2918 366 2989 suas
384 2932 497 3012 usque
517 2918 562 2988 ad
589 2938 729 3014 tempus
752 2917 869 3014 pacis,
891 2939 999 3012 quam

108 3032 212 3108 novit
232 3034 308 3130 ipse
335 3032 446 3107 iustus
476 3033 610 3121 iudea,
639 3035 787 3131 quando
810 3033 857 3103 ·srt
884 3033 999 3105 reddi·

105 3170 218 3226 turus.
288 3150 437 3224 Reddet
471 3151 586 3237 enim,
625 3166 794 3222 nec'nos'
821 3170 1003 3245 perpetuo

104 3270 260 3343 de'sere't.
321 3268 391 3340 Se'd
418 3265 913 3363 quemadmodumIsi'aelitis
940 3292 1000 3338 an·

62 3390 64 3441 ἱ
104 3398 178 3459 nos
205 3386 643 3483 septuaginta'prrestituit
668 3411 735 3480 pro
768 3383 921 3481 peccatis
951 3384 999 3456 ad

103 3502 322 3600 'captivitatis
347 3503 588 3600 poenam';'·ita
612 3504 702 3591 forte
734 3520 768 3573 et
797 3490 863 3574 hos
889 3501 1001 3574 omni·

103 3632 246 3723 'potens
273 3648 338 3717 per
365 3622 490 3694 statum
517 3621 661 3715 aliquod
686 3638 825 3714 tempus
849 3620 999 3692 traditos

104 3741 307 3835 aliquando
340 3739 545 3823 revocabit,
581 3764 621 3810 ac
652 3737 688 3807 in
722 3735 905 3833 pristinam
939 3764 1001 3833 pa·

105 3884 190 3935 cem
223 3856 401 3944 restituet3
435 3854 619 3929 nisi'forte
647 3854 914 3953 appropinquat
941 3855 1002 3926 de·

108 4010 112 4017 “
140 4000 178 4076 tr)
189 4002 277 4076 Epist.
285 4002 396 4063 LXXI.
409 4000 505 4062 ΜΗ.
513 4017 539 4077 p.
552 4007 612 4062 166.
666 4002 697 4073 b)
708 4004 755 4076 Ep.
767 4000 893 4060 ecXIV.
900 4012 928 4071 p.
937 4008 997 4069 408.
