2474 4568
99 476 133 543 in
156 473 239 538 coelo.
300 462 387 539 Haec
409 485 463 538 est
481 489 572 563 pax,
601 488 707 561 quam
730 461 798 538 suls
820 461 987 560 relinquit
1012 451 1127 517 (Μ’

101 580 288 654 Christus:
332 594 399 654 Non
425 592 576 675 quomodo
603 593 735 654 mundus
760 593 838 669 dat,
866 609 920 667 ego
945 592 984 652 do
1015 574 1120 631 CXLV·

99 708 199 772 nobis.
254 709 322 772 Non
346 709 486 772 turbetur
505 728 556 770 cor
577 721 733 785 vestrum,
761 728 855 791 neque
871 707 987 786 formi-
1005 695 1148 754 “W

100 826 164 891 det.
208 825 275 888 Non
295 827 446 909 quomodo
465 826 596 888 mundus
615 824 692 905 dat,
716 815 849 913 inquit,
873 817 984 910 paulo

103 953 187 1029 post
216 933 432 1021 ostendens,
474 931 561 1029 quid
596 959 616 1005 a
648 935 787 1008 mundo
818 933 987 1030 exemplo

103 1050 167 1122 luo'
194 1048 280 1147 ipsis
315 1051 596 1147 exspectandum
629 1072 730 1125 esset.
799 1057 987 1121 Mementote

92 1173 246 1256 sermonis
272 1181 354 1255 mei,
395 1196 483 1261 quem
515 1195 569 1253 ego
596 1177 666 1238 dixi
693 1177 804 1239 vobis:
844 1176 912 1236 Non
942 1186 989 1237 est

90 1291 207 1372 ,servits
229 1297 330 1355 maior
350 1296 472 1356 domino
484 1291 559 1372 suo.
612 1293 645 1355 Si
666 1310 713 1355 me
726 1294 879 1376 persecuti
888 1289 986 1370 sunt,

103 1422 134 1471 et
157 1428 216 1470 vos
236 1423 457 1494 persequentur
485 1397 534 1489 a).
594 1400 735 1474 Horum
760 1420 885 1497 postea
916 1424 989 1471 me·
1019 1419 1024 1429 '

102 1540 219 1588 mores
241 1526 328 1588 ibant
353 1528 485 1608 apostoli
503 1526 673 1607 gaudentes
694 1545 715 1589 a
739 1539 898 1608 conspectu
919 1544 988 1587 con·

100 1645 185 1721 eiiii,
213 1647 358 1726 proauiam
380 1645 463 1720 digni
484 1644 584 1707 babiti
595 1642 676 1722 sunt
691 1663 753 1724 pro
776 1645 894 1704 nomine
912 1632 988 1713 ,lesu

100 1760 316 1822 contumeliam
328 1763 402 1840 pati
421 1749 469 1841 b).
521 1750 583 1830 De
605 1750 678 1837 hiS,
707 1775 786 1847 quae
814 1746 986 1846 apostolis
1051 1752 1079 1785 ·’

99 1867 300 1940 sufferenda
320 1889 453 1955 essent,
473 1888 617 1943 testatur
635 1867 685 1939 D.
704 1867 835 1940 Paulus
854 1866 880 1938 1.
896 1864 984 1937 Cor.
1042 1924 1048 1933 .

99 1968 174 2055 lV.¹
195 2008 249 2055 11.
274 2005 337 2056 etc.
371 1994 469 2075 Usque
489 1997 521 2054 in
544 1993 623 2055 lianc
643 1993 750 2055 lroram
772 2006 802 2054 et
826 1993 988 2068 esurimus,

100 2123 133 2174 et
144 2105 290 2186 fidimus,
318 2123 349 2173 et
374 2112 448 2173 nudi
458 2088 601 2190 furnus,
617 2121 647 2171 et
670 2109 807 2191 colaphis
826 2108 984 2183 cedimus,

98 2238 130 2309 et
155 2226 312 2288 instabiles
329 2225 456 2306 fumus,
484 2237 514 2290 et
535 2227 711 2290 laboramus
736 2235 897 2307 operantes
921 2238 988 2282 ma-

95 2343 188 2405 nibus
207 2346 340 2404 nostris.-
366 2345 595 2422 maledicimur,
622 2356 653 2405 et
674 2343 894 2406 benedicimus:
915 2357 988 2420 per·

94 2461 282 2523 secutionem
306 2463 472 2539 patimur,
499 2472 531 2528 et
549 2457 763 2538 sustinemus:
795 2456 986 2538 blaspbema-

96 2593 187 2653 mur,
203 2586 243 2652 et
262 2574 470 2640 obsecramus:
497 2588 650 2658 tanquam
666 2587 875 2657 purgamenta
892 2573 986 2636 buius

95 2693 206 2754 mundi
231 2690 319 2772 sacti
340 2691 481 2773 snmus,
517 2695 653 2756 omnium
677 2696 854 2777 peripsema
888 2684 984 2772 cisque

93 2808 209 2872 adbuc.
367 2813 370 2818 “

172 3032 328 3126 Qualem
352 3061 441 3108 vero
468 3061 506 3108 se
529 3038 713 3133 apostolus
735 3033 771 3106 in
795 3032 871 3122 his,
895 3033 984 3106 aliis·

94 3176 168 3248 que
188 3150 383 3226 innumeris
410 3152 683 3237 afflictionibus,
709 3150 893 3246 periculis,
915 3154 986 3245 pla·

93 3269 173 3365 gis,
210 3268 416 3342 verberibus
448 3287 514 3342 etc.
548 3293 627 3364 quae
656 3268 738 3340 alibi
768 3256 987 3339 commemo·

93 3406 172 3473 rat,
210 3385 423 3482 praebuesit,
462 3386 604 3482 prodit,
644 3395 776 3482 repletus
799 3391 897 3473 sum,
934 3382 987 3454 in·

94 3502 174 3600 quit
200 3499 261 3592 c),
303 3513 524 3591 consolatione,
550 3510 770 3602 superabundo
801 3512 918 3586 gastdio
950 3511 985 3570 in
1023 3561 1028 3572 .

96 3631 178 3691 omrre'
206 3631 413 3694 tribulatione.
467 3618 523 3691 Sic
549 3641 590 3693 et
607 3618 741 3702 coeteri,
771 3642 877 3712 quam
899 3613 982 3714 ipsis

97 3735 237 3833 reliquit
257 3735 439 3820 Christus,
464 3734 561 3806 fruiti
585 3737 666 3810 sunt
686 3759 793 3830 pace:
823 3763 882 3804 non
907 3761 981 3823 quo·
1046 3822 1055 3835 ,

101 3865 185 3924 modo
210 3865 340 3924 mundus
366 3864 444 3937 dat,
480 3850 553 3921 imo
581 3851 616 3921 in
645 3850 744 3923 malis
772 3848 842 3922 istis
873 3847 986 3939 omni·

134 3995 163 4070 s)
178 3999 226 4066 Jo.
243 3999 308 4057 XV.
318 4017 361 4058 sn.
430 3994 461 4066 ir)
476 3998 537 4054 Aet.
552 3997 585 4056 V.
595 4013 641 4067 41.
686 4041 690 4051 .
706 3991 736 4067 o)
747 3996 794 4053 11.
809 3989 865 4052 cor}
880 3993 950 4052 VII.
959 4009 987 4065 4.
