2474 4568
262 257 309 332 os
584 233 815 301 π’

118 403 233 465 CW
258 425 325 485 tur.
393 404 440 478 Et
469 405 519 505 ⁸ad
552 404 623 477 hoc
654 404 764 476 credo
792 403 995 500 pertinere,
1035 407 1145 502 quo'd

125 522 225 577 cm·
260 523 402 618 quidam
440 523 634 619 prudenter
663 521 884 616 intelligunt,
920 523 1010 594 illud
1040 526 1145 618 quod

102 642 243 697 W*
259 639 441 712 Dominus
467 640 545 712 viso
569 638 705 711 caesaris
730 664 878 710 nummo
903 638 971 710 ait:
1011 648 1142 722 Reddite

183 782 185 790 ’
257 770 378 842 caesurz',
405 767 488 847 quod
507 767 620 827 casaris
641 777 705 842 est,
732 777 762 827 et
782 765 868 847 Deo,
895 766 978 847 quod
1005 761 1065 828 Dei
1083 778 1138 829 est.
1172 849 1176 859 ¹

258 872 453 968 Tanquam
479 871 506 943 si
525 871 656 943 diceret
669 899 686 959 ε,
705 873 1008 966 quemadmodum
1033 896 1140 945 caesar

255 1015 278 1060 a
299 987 404 1059 vobis
432 988 542 1084 exigit
567 987 834 1084 impressionem
858 987 1022 1083 imaginis
1052 991 1138 1076 suae,

258 1103 305 1179 fic
333 1126 368 1176 et
394 1105 520 1178 Deus:
558 1127 597 1178 ut
622 1105 923 1201 quemadmodum
950 1105 1000 1176 illi
1023 1107 1140 1189 reddi-

209 1200 232 1214 ,.
256 1243 314 1295 tur
339 1249 522 1309 nummus,
551 1223 596 1294 sic
621 1221 707 1293 Deo
731 1222 846 1294 anima
868 1221 1000 1293 lumine
1020 1225 1140 1299 vultus

259 1340 334 1411 tius
354 1340 523 1412 illustrata
541 1330 838 1434 atque'fignataf‘
887 1338 936 1410 Et
955 1337 992 1408 in
1012 1337 1138 1411 Psalm.

259 1455 399 1546 XCIV.
421 1483 454 1526 n.
479 1481 509 1529 2.
537 1452 595 1544 α);
623 1455 689 1541 „Si
711 1481 818 1527 caesar
839 1454 963 1551 quaerit
981 1454 1018 1524 in
1043 1482 1140 1528 num-

259 1599 321 1645 mo
348 1573 534 1667 imaginem
565 1575 683 1658 suam,
719 1571 822 1660 Deus
852 1598 926 1643 uon
950 1571 1079 1666 quaerit
1103 1573 1139 1642 in

259 1689 407 1778 homine
428 1689 615 1783 imaginem
637 1686 760 1761 fuam?
787 1688 848 1760 Ad
875 1689 966 1773 hanc
990 1688 1141 1762 similitu·

261 1806 382 1879 dinem
410 1832 476 1877 nos
500 1804 682 1877 Dominus
712 1805 955 1878 nosteriesus
978 1804 1139 1907 Christus

259 1922 432 2019 invitans,
459 1902 609 2016 impera—t
634 1920 763 2008 nobis,
801 1942 840 1994 ut
866 1940 1007 1993 nostros
1038 1923 1140 1994 etiam

261 2039 425 2111 inimicos
457 2040 667 2134 diligamus3
703 2037 749 2110 et'
768 2039 829 2110 dat
863 2041 1066 2134 exemplum
1096 2038 1140 2108 de

261 2155 343 2259 ipso
376 2154 482 2227 Deo:
525 2166 612 2226 Sicut
643 2165 737 2226 Pater
763 2178 886 2240 uester,
923 2154 995 2240 ait,
1030 2166 1141 2247 quiin

260 2284 343 2343 coelis
366 2295 429 2358 est,
467 2285 521 2364 qni
536 2281 637 2359 solem
651 2279 748 2358 suum
773 2284 850 2340 oriri
866 2280 955 2357 fucit
970 2278 1071 2360 super
1095 2279 1142 2340 bo·

261 2418 316 2461 nos
342 2411 371 2461 et
394 2400 513 2475 malos,
550 2409 581 2460 et
601 2397 687 2478 pluit
699 2395 798 2477 super
823 2399 920 2457 iustos
946 2407 976 2456 ec
1001 2399 1140 2458 iniustus.

264 2517 371 2576 Estote
398 2534 470 2591 ergo
491 2511 574 2590 ficut
601 2514 701 2597 Pater·
723 2526 824 2575 vester
842 2511 983 2593 perfecti.
1048 2497 1142 2573 Cum

266 2596 374 2692 dicit}
408 2632 518 2691 Estote
534 2625 617 2704 ficut
639 2628 689 2689 illc
706 2629 861 2708 perfecti,
888 2618 934 2690 ad
954 2617 1143 2693 fimflitudi-

265 2763 347 2808 nem
372 2763 436 2807 nos
459 2734 585 2841 invitat
608 2738 705 2807 etc.“

292 2912 326 2982 a)
346 2917 386 2970 lb.
404 2930 431 2986 p.
454 2928 531 2983 1023.
