2474 4568
249 297 300 376 ,60
354 332 358 349 ·
566 281 808 382 ,““-·--“”-“-““-,·-

103 437 225 510 §Arva
253 463 388 540 partem
415 465 559 515 necesse
585 442 687 528 fore,
720 460 761 513 ut
789 436 1003 537 impingeret
1029 436 1134 513 Chri·

116 563 220 622 cxxi.
252 579 345 648 stus,
381 559 453 632 sive
477 585 545 657 pro
570 583 679 630 censu
705 557 826 630 dando
850 555 1130 654 pronunciaret,

92 677 322 753 tvwfive
344 702 410 776 pro
433 701 507 747 non
528 673 873 759 reddendo'caesari3
895 700 968 769 quo
989 674 1131 747 seditio·

249 793 304 866 nis
329 813 454 865 auctor
476 791 629 863 accusari
652 811 795 886 posset,
819 811 860 862 ut
882 810 1004 886 aperte
1029 790 1130 886 apud

248 909 382 983 Lucam
408 928 548 981 notatur
572 909 726 993 factum,
762 927 802 980 ut
829 908 1008 979 traderent
1030 907 1130 980 illum

182 1123 185 1130 Ι
247 1024 478 1125 principatui,
499 1045 533 1097 et
551 1024 717 1120 potestati
733 1022 905 1120 praesidis3
924 1025 1022 1096 secus
1039 1050 1129 1097 vero

249 1143 280 1215 si
305 1167 372 1238 pro
392 1141 567 1213 Romanis
587 1140 791 1212 sententiam
811 1140 973 1228 dixisset,
997 1141 1142 1236 civium¹

249 1261 392 1332 suorum
420 1284 460 1330 ac
491 1257 744 1354 discipulorum
777 1257 914 1328 animos
941 1282 962 1328 a
987 1283 1024 1330 se
1052 1259 1129 1330 alie-

249 1395 360 1447 naret.
412 1373 464 1447 At
488 1375 564 1471 ipse
588 1374 651 1445 fibi
677 1373 852 1447 numisma
877 1371 1003 1446 cen'sus
1033 1375 1129 1447 exhi·

248 1491 328 1570 beri
355 1491 473 1568 iubet,
510 1511 624 1592 atque
642 1517 707 1587 per
722 1492 808 1567 -hoc
831 1516 893 1563 eos
922 1492 1127 1580 convincit,

168 1628 173 1646 ⁸
247 1610 390 1706 sceptro
411 1635 430 1679 a
451 1607 541 1681 luda
562 1609 719 1694 sublato,
743 1634 804 1680 eos
818 1607 980 1680 dominio
995 1610 1128 1682 caesaris

163 1792 166 1798 .
248 1725 426 1798 subiectos
448 1751 546 1821 esse,¹
572 1724 669 1797 cuius
697 1750 762 1798 ceu
784 1722 937 1820 supremi
958 1724 1130 1823 principit

183 1878 185 1890 Α
247 1841 401 1938 imagine
432 1860 573 1913 moneta
610 1825 701 1914 esset
731 1842 883 1937 signata,
924 1867 1031 1938 quam
1063 1859 1128 1940 pro

251 1985 360 2035 censu
379 1958 526 2032 reddere
546 1959 734 2047 deberent,
758 1961 818 2031 seu
839 1959 983 2031 tributo.
1020 1958 1131 2032 Unde

186 2125 189 2130 ι
250 2075 399 2147 reddere
430 2074 530 2146 iubet
563 2075 681 2147 caesari
694 2076 709 2162 ,‘
742 2099 821 2170 quae
849 2078 929 2148 funt
962 2077 1126 2165 caesaris,

246 2192 422 2288 fimulque
439 2188 546 2279 Deo,
570 2176 648 2287 quae
667 2194 748 2264 sunt
766 2191 856 2263 Dei:
886 2218 931 2264 ne
953 2212 1126 2288 praetextu

229 2308 478 2404 obligationis
498 2308 673 2379 reddendi
696 2307 833 2394 caesari,
862 2333 941 2404 quae
965 2310 1047 2382 sunt
1068 2333 1126 2383 cae-

248 2424 334 2498 saris
360 2425 545 2520 quisquam
570 2424 660 2497 desit
679 2423 716 2494 in
742 2423 805 2512 iis,
833 2451 912 2520 quae
933 2424 1012 2497 Dei
1028 2428 1125 2510 su'nt,

184 2637 188 2643 Β
249 2544 335 2615 dum
348 2543 416 2614 iarn
432 2561 544 2627 erant,
562 2541 812 2637 instabantque
826 2562 1000 2639 tempora,
1019 2552 1128 2640 quan·

248 2661 298 2732 do
320 2682 444 2731 contra
464 2656 537 2728 vim
559 2660 852 2753 voluntatemque
871 2660 1075 2756 principum
1093 2677 1126 2732 et

246 2795 463 2873 potestatum
500 2773 604 2845 huius
629 2759 753 2846 ¹saeculi
789 2775 910 2849 officia
944 2777 1124 2874 religionis

248 2911 348 2965 erant
373 2873 624 2986 impendenda.
673 2890 755 2987 Ipse
779 2896 887 2988 paulo
911 2913 992 2965 ante
1015 2896 1072 2986 de
1088 2917 1123 2964 se

177 3058 180 3063 «
248 3006 413 3082 Christus
431 3007 660 3103 praedixerat,
683 3007 794 3081 filiurn
814 2992 967 3082 hominis
987 3012 1124 3083 traden-

247 3126 334 3198 dum
355 3129 435 3198 esse
457 3115 597 3211 gentibus
621 3135 666 3197 ad
683 3133 891 3229 illudendum,
919 3149 949 3198 et
965 3136 1125 3213 flagellau-

228 3253 398 3329 ‘dum‚‘et
424 3249 678 3328 crucifigendum:
706 3242 781 3314 Suis
810 3243 912 3315 etiam
929 3243 1123 3341 discipulis

244 3359 312 3430 iam
341 3359 761 3454 praenuntiaverat‚1fore
786 3384 850 3432 eos
873 3356 921 3432 ad
952 3361 1120 3458 praesides

246 3497 282 3556 et
303 3501 402 3572 reges
425 3472 680 3566 ducendo'sa).
807 3485 809 3490 ’

332 3708 433 3802 Quid
464 3736 552 3786 vcro
583 3710 719 3808 egerint
752 3690 905 3808 apostoli
937 3711 981 3785 in·
1005 3711 1122 3811 prima

242 3825 362 3898 {latim
373 3826 562 3926 Evangelii
579 3829 851 3924 praeditatione,
877 3831 970 3905 Acta
987 3830 1119 3928 Apost.

248 4012 251 4017 >
275 3970 307 4051 a>
325 3974 426 4032 Maus.
446 3974 485 4029 Χ.
508 3989 548 4042 17.
571 3979 612 4036 tt.
644 3959 646 3964 ’
