2474 4568
218 330 238 365 ι
336 298 411 368 108·
647 284 888 339 ·'¹''''''''¹'

189 434 304 500 ΕΔΜ
332 441 491 537 epistola.
507 439 540 512 S.
567 434 808 534 Augustinus,
836 437 859 532 <
866 436 927 534 qui
951 433 1034 509 alibi
1064 430 1104 525 a)
1120 460 1202 533 pro·

160 553 410 654 cxxv111.pius
437 555 683 629 determinavit
708 556 803 627 hunc
823 555 935 627 filium
964 549 1200 649 perditionis)

119 743 122 747 ,
170 673 312 738 W*
330 673 549 770 precipuum
576 673 679 744 huius
705 673 877 744 adventus
903 669 1049 744 fecundi
1071 669 1202 765 fignum

326 791 504 862 statuunt:
532 789 632 885 quod
651 791 695 860 de
714 784 826 884 regno
847 779 1039 860 antichristi
1062 787 1203 880 eiusque

328 907 495 980 societate
513 906 619 1002 impia
638 905 905 1001 intelligendum
921 923 991 989 est,
1008 892 1202 974 Ecclesiam

239 1010 246 1020 ’
326 1021 403 1094 Dei
425 1024 472 1094 ita
491 1043 690 1119 premente,
717 1041 756 1095 ut
778 1023 1004 1095 vehementer
1030 1019 1202 1114 suspirent

325 1138 430 1211 electi
441 1164 458 1225 ,·
475 1138 747 1234 desiderentque
769 1137 1016 1212 advenientem
1038 1135 1202 1243 iudicem,

324 1280 432 1351 prout
449 1257 530 1326 suos
554 1259 632 1328 vult
650 1254 811 1330 Christus
835 1252 1007 1350 respicere
1032 1271 1067 1324 et
1088 1255 1202 1324 levare

328 1371 466 1467 capita,
503 1385 669 1463 quonium,
701 1369 837 1465 inquit,
869 1381 1137 1461 appropinquavit
1162 1395 1203 1438 te·
1228 1447 1231 1455 ἢ

317 1485 443 1560 'demtio
468 1511 583 1560 vestra.
635 1488 678 1559 Id
704 1487 895 1583 quodiam
922 1484 1071 1582 amplius
1100 1481 1221 1580 expli,

329 1624 447 1676 catum
472 1605 573 1676 imus.

442 1780 1152 1823 w

406 1891 737 2001 'entur
794 1874 1088 1999 cxxviii.
1164 1936 1165 1940 ψ

324 2079 452 2152 DIES
479 2081 688 2156 JUDICII
719 2081 1091 2156 ELECTORUNI
1118 2080 1200 2152 EX·-

384 2195 598 2260 sructurto
620 2197 849 2272 JUDAEORUM
873 2197 924 2260 ET
945 2194 1142 2259 GENTIUM.

323 2333 400 2411 His
423 2336 641 2432 autemfieri
660 2333 931 2434 incipientibus,
954 2339 1144 2434 respicite,
1167 2345 1199 2410 et

236 2510 239 2520 r
372 2452 490 2527 leonte
506 2456 628 2549 capitu
644 2465 791 2529 vestro:
818 2457 986 2550 quoniam
1003 2452 1199 2550 appropin-

372 2578 461 2661 quat
490 2552 663 2643 redemtio
699 2582 837 2645 vestra.
914 2567 963 2646 Et
998 2568 1095 2644 dixit
1129 2569 1196 2644 illis

371 2683 470 2757 hanc
494 2681 795 2765 fimilitudInem:
835 2686 877 2762 V
875 2687 967 2762 idete
986 2685 1195 2783 ficulneum,

370 2807 406 2897 et
424 2821 542 2872 omnes
558 2796 725 2875 arbores:
745 2824 825 2876 cum
836 2804 1045 2898 producunt
1062 2805 1138 2878 inm
1154 2825 1196 2878 ex

370 2937 407 2989 se
421 2911 614 3012 fructum,
639 2913 772 3014 scitis,
805 2918 975 3014 quonium
1000 2933 1116 3018 prope
1146 2928 1195 2996 tsi

369 3042 483 3106 aestus.
553 3029 611 3107 Ita
642 3045 680 3108 et
710 3056 777 3108 vos
808 3058 896 3110 cum
924 3035 1090 3111 videritis
1121 3037 1196 3112 haec

370 3143 471 3238 fieri,
497 3146 650 3239 scitote,
678 3153 858 3250 quoniam
884 3174 1003 3251 prope
1032 3164 1088 3230 est
1113 3175 1195 3250 reg-

368 3289 462 3342 num
485 3263 571 3344 Dei.
625 3266 717 3344 Luc.
744 3265 856 3344 XXI.
885 3255 1043 3354 28ssetc.

148 3584 288 3679 Einspro.
312 3503 511 3686 ‘Christus
547 3577 684 3649 Matth.
722 3579 864 3654 XXIV.
910 3603 967 3666 32.
1007 3599 1041 3652 et
1071 3580 1194 3658 Marc.

146 3695 281 3807 {isnpluffi
315 3695 417 3779 XIII.
440 3705 497 3770 28.
527 3713 651 3766 monet
673 3699 880 3791 apostolos,
909 3694 954 3766 ab
983 3695 1192 3770 arbore-fici

80 3813 87 3830 “
218 3769 234 3820 ὃ
271 3790 278 3804 ’
315 3811 448 3886 discere
480 3812 707 3906 parabolam,
746 3839 825 3910 qure
852 3839 980 3911 nempe
1010 3815 1093 3887 loco
1122 3841 1193 3888 are·

348 3956 379 4034 a)
397 3959 453 4015 lit.
475 3957 542 4015 XX.
561 3959 590 4013 de
611 3961 692 4015 tivit.
712 3961 765 4017 Dei
787 3980 808 4016 r.
831 3972 872 4029 19.
