2474 4568
384 260 618 316 ·“-“-““-““-
894 275 946 356 49

59 411 97 485 in
117 409 281 486 adventu
309 408 498 485 Salvatoris
526 425 603 482 acta
629 408 836 506 poenitentia
863 435 948 510 ope·
974 399 1089 466 cm*

58 548 156 602 ratus
185 515 303 600 estin
329 519 436 599 vinea
462 517 559 612 Dei,
597 547 630 597 et
660 518 832 599 sermonis
863 554 947 601 con·
970 513 1098 579 CXVffl·

59 642 252 718 tumaciam
287 642 409 715 labore
441 635 606 714 correxit
674 625 859 716 Secundus
891 672 948 719 au·
959 640 1101 700 “V'‘

60 780 134 834 tem
154 753 259 832 lilius
290 754 445 856 populus
472 758 674 831 ludaeorum
699 779 774 847 est¹
813 760 875 857 qui
899 789 949 856 re·

60 876 212 976 spondit
232 875 384 971 Moysi:
416 870 525 947 Omnia
548 896 729 969 quacunque
750 889 865 950 dixerit
887 888 951 950 Do·

60 1009 187 1080 minus,
213 1000 394 1081 faciemus,·
431 1010 466 1063 et
502 1018 577 1063 non
613 990 677 1064 ivit
712 993 754 1064 in
784 983 950 1084 vineam,

60 1111 148 1208 quia
169 1102 356 1182 interfecto
382 1100 635 1206 patrisfamilias
660 1088 758 1197 lilio,
794 1136 831 1183 se
850 1131 950 1209 puta-

59 1229 114 1302 vit
150 1225 382 1301 haeredem.“
470 1220 634 1307 Eandem
677 1228 949 1322 responsionem

61 1335 198 1443 Moysi
225 1336 352 1417 factam
382 1338 420 1414 in
454 1342 603 1416 eandem
632 1337 841 1418 sententiam
866 1362 951 1442 pro·

61 1460 129 1539 lert
155 1455 202 1532 ad
225 1452 552 1556 interpretationem
579 1456 682 1532 huius
710 1456 888 1557 parabolae
913 1455 949 1534 S.

29 1597 31 1606 '
62 1579 117 1653 Jo.
141 1571 423 1674 Chrysostomus
439 1569 548 1648 Hom.
568 1576 720 1651 LXVII.
751 1579 789 1650 in
812 1565 950 1652 March.

10 1736 12 1743 ·
61 1723 97 1770 n.
127 1720 162 1770 2.
184 1693 236 1766 Τ.
258 1691 339 1766 Vll.
370 1720 405 1792 p.
434 1697 519 1782 665.

138 1917 287 2022 Quodsi
311 1921 356 2001 ad
381 1941 503 2002 nostra
525 1946 689 2027 tempora
712 1919 818 2003 animi
840 1943 951 2003 attens

65 2045 204 2123 tionem
236 2045 483 2133 reflectamus,
523 2045 558 2116 in
590 2047 770 2119 hodiernis
803 2046 951 2119 nimium

13 2214 16 2220 ·
64 2154 198 2260 rigidis
217 2181 357 2235 morum
383 2157 592 2235 censoribus
615 2162 804 2256 praesertim
827 2161 951 2259 quoad

10 2332 13 2369 r
65 2281 220 2352 tribunal
257 2278 463 2375 sacramenti
498 2278 714 2375 poenitentiae
752 2271 791 2349 id
827 2278 952 2375 depre·
1041 2303 1045 2312 ·

64 2396 225 2468 hendere
247 2394 350 2482 licet,
384 2395 485 2491 quod
512 2394 557 2466 ad
584 2397 704 2466 locum
733 2385 840 2466 nobis
865 2411 951 2490 prae·

10 2488 13 2523 ⁵
64 2511 224 2610 positum
254 2504 395 2584 nota-vit
425 2505 456 2584 S.
488 2502 730 2608 Hieronymus
761 2509 807 2590 de
833 2509 954 2584 Phari⁴

10 2630 163 2714 ιἐπίε,
199 2651 290 2722 quos
318 2626 400 2700 alias
429 2619 591 2701 Christus
615 2619 813 2724 redarguit,
849 2626 952 2724 quod

50 2746 252 2840 ‘alligarent
294 2765 405 2816 onera
429 2745 572 2844 *gravia
621 2765 656 2818 et
698 2735 952 2843 importabilia.

64 2858 195 2934 Nolim
220 2887 288 2956 ego
311 2881 387 2935 earn
412 2861 469 2934 hic
490 2862 653 2934 refricare
677 2857 951 2947 accusationem,

62 3003 136 3075 qua
157 2976 329 3074 pricipuis
357 2978 569 3074 quibusdam
595 2969 750 3051 lanseuii
777 2975 954 3053 sectatori·

64 3093 172 3168 bus
162 3114 375 3190 imputatum
405 3114 478 3182 est,
514 3096 559 3167 ad
583 3087 806 3167 suffodienda
831 3095 953 3191 praeci-

63 3236 138 3310 pua
168 3209 351 3307 religionis
382 3203 576 3283 christianae
608 3210 744 3306 capita,
779 3202 953 3308 imprimis

64 3321 287 3424 poenitentlae
312 3303 585 3428 sacramentum,
608 3346 643 3398 et
661 3327 953 3401 communionem

67 3444 361 3538 eucharisticam,
390 3472 466 3519 esse
491 3422 677 3518 inductum
704 3445 954 3542 rigorismum,

66 3581 107 3634 ut
132 3560 327 3634 obstaculis
342 3567 393 3637 'ac
419 3560 684 3636 difficultatibus
707 3563 881 3657 oppositis
903 3587 956 3633 ar«

67 3697 191 3751 cerent
229 3677 354 3751 fideles
394 3680 440 3753 ab
483 3680 613 3752 horum
654 3677 952 3758 sacramentorum

68 3819 163 3882 usn,
204 3785 289 3867 dum
323 3788 499 3872 severiore
534 3792 724 3890 disciplina
758 3795 954 3868 maximum

10 3932 35 3995 t,
118 3911 233 3989 Toni.
261 3911 324 3984 111
610 3900 650 3984 D

14 4064 24 4101 l
