2474 4568
432 274 666 343 ...με
907 300 995 374 311»

106 433 318 512 infirmitatis
336 430 497 510 afficitur.
525 436 690 535 Suscepit
705 433 798 510 enim
816 432 988 508 tristitiam
1009 426 1124 491 ΟΜΝ

103 582 249 641 meam,
285 574 326 628 ut
353 554 437 627 mihi
468 556 563 627 suam
593 553 749 627 laetitiam
778 553 988 650 largiretur:
1019 549 1116 612 cmx.

107 672 319 768 etvestigiis
343 672 472 746 nostris
495 673 811 768 descendit-usque
832 670 878 744 ad
902 650 1144 745 mor-“W

106 790 153 866 tis
177 815 391 876 aerumnam,
418 797 458 864 ut
482 817 548 876 nos
574 790 642 862 suis
667 789 823 885 vestigiis
849 813 993 861 revoca·

91 928 162 999 3ret
188 909 234 982 ad
261 907 413 980 vitam.“
463 905 592 981 Postea
618 928 736 980 tamen
762 908 992 1002 fingularem,

103 1045 150 1098 ut
173 1024 352 1121 plerique,
377 1024 519 1098 tristitiae
542 1050 681 1098 causam
703 1024 853 1098 indicat:
880 1021 994 1110 „Nee

108 1141 200 1214 illud
221 1132 362 1215 distata
384 1168 490 1227 vero,
518 1141 544 1214 si
567 1141 672 1214 tristis
697 1161 770 1215 erat
788 1166 855 1239 pro
880 1165 995 1238 perse·

108 1257 296 1331 sutoribus
322 1258 412 1345 suis,
441 1284 533 1355 quos
555 1259 686 1330 sciebat
705 1257 868 1331 immanis
893 1257 995 1331 sacri·

104 1375 191 1470 legii
213 1400 336 1472 poenas
356 1377 511 1448 daturos.
560 1376 609 1448 Et
628 1375 711 1448 ideo
730 1376 837 1448 dixit:
859 1383 994 1463 nuncfer

69 1559 73 1572 ‚
105 1503 233 1565 calicem
265 1502 344 1566 hunc
374 1522 395 1564 a
426 1479 498 1578 me‚·
541 1518 616 1564 non
652 1493 736 1589 quia
775 1492 849 1564 Dei
881 1492 992 1564 Filius

106 1629 261 1681 mortem
283 1609 448 1697 timebat,
475 1611 535 1682 sed
557 1610 638 1704 quia
659 1613 718 1683 vel
742 1613 852 1682 malos
876 1609 991 1706 perire

104 1726 254 1801 timebat
279 1723 361 1816 a).“
429 1727 484 1800 Sic
511 1727 543 1800 S.
571 1727 813 1824 Hieronymus
843 1727 879 1797 in
904 1727 938 1800 h.
968 1730 994 1802 l.

105 1842 194 1914 dicit
219 1843 400 1915 Christum
425 1848 640 1941 postulasse,
665 1866 704 1918 ut
726 1864 879 1917 trauseat
900 1842 993 1916 calix

105 1957 189 2047 iste,
219 1988 328 2047 „non
348 1959 475 2032 timore
502 1960 682 2064 patiendi,
709 1964 769 2033 sed
798 1961 992 2032 misericor·

105 2075 166 2148 dia¹
188 2078 315 2173 prioris
337 2069 484 2174 populi,
509 2103 554 2162 ne
578 2077 622 2149 ab
641 2077 709 2162 illis
731 2075 830 2147 bib'at
847 2077 992 2148 calicem

105 2194 339 2291 propinatum
356 2197 434 2286 b)“.
475 2193 633 2266 Possunt
650 2191 815 2289 equidem
837 2192 933 2269 varia
952 2193 990 2263 in

104 2312 264 2383 medium
287 2312 400 2385 afferri
422 2311 621 2399 eiusmodi;
649 2331 685 2383 at
701 2311 837 2406 semper
855 2308 914 2381 hic
933 2309 992 2380 ali·

103 2427 193 2525 quid
221 2429 471 2502 absconditum
498 2433 604 2516 latet,
632 2427 842 2524 exceditque
868 2427 990 2499 huma-

104 2572 195 2618 num
220 2568 383 2644 captumt
412 2573 474 2618 cur
490 2545 662 2619 -Christus
685 2567 823 2618 tentatus
844 2543 990 2640 quidem

98 2677 279 2756 peremnia
294 2684 355 2754 pro
369 2669 573 2749 similitudine
589 2663 688 2736 iuxta
706 2664 907 2760 apostolum
932 2658 988 2752 c),

105 2780 257 2877 perinde
279 2779 443 2881 nimirum
462 2806 502 2853 ac
522 2804 608 2869 nos,
631 2794 784 2876 quorum
802 2780 839 2853 in
860 2806 897 2852 se
919 2780 990 2851 lus·

104 2897 202 2994 cepit
226 2896 466 2984 infirmitates,
492 2897 552 2970 hic
568 2890 705 2994 'aliquid
731 2898 900 2972 sustinere
926 2922 989 2970 vo·

104 3014 211 3088 luerit
238 3008 329 3087 ultra
359 3041 559 3087 mensuram
584 3015 795 3096 infirmitatis
826 3015 993 3087 nostrae?

105 3130 185 3203 Cui.
205 3130 298 3204 enim
327 3155 484 3226 unqu-am
509 3132 728 3227 angustiatus
755 3133 890 3204 animus
916 3149 990 3200 tan·

104 3265 182 3320 tum
213 3247 338 3321 elicere
366 3246 485 3344 potuit
509 3249 708 3344 sanguinis,
735 3248 836 3321 utin
861 3252 990 3322 terrant

106 3364 296 3442 decurrant
324 3366 462 3461 guttae?
498 3365 584 3439 Luc.
616 3365 740 3437 XXll.
773 3389 839 3453 44·
874 3365 915 3436 ln
944 3391 993 3439 eo

104 3506 244 3579 porro,
278 3483 376 3578 quod
403 3483 517 3557 Lucas
545 3484 633 3561 XII..
660 3508 718 3573 50.
744 3483 880 3556 dudum
907 3501 990 3558 ante
1084 3573 1091 3584 .

103 3599 309 3698 passionem
333 3599 488 3671 dixerat:
519 3612 679 3691 Baptismo
697 3611 792 3671 habeo
811 3610 993 3690 baptizari,

106 3729 307 3809 ecquomodo
324 3738 468 3788 coarctor·
480 3704 720 3813 (συνέχομαι)
740 3728 906 3809 usquedum
918 3743 992 3806 ptri·

100 3824 256 3921 ᾔεῐατατ,Δ
276 3833 426 3906 dubium
449 3832 716 3930 nobisvreliquit
737 3835 909 3905 sensum>
982 3848 985 3853 ’

139 3977 264 4051 ψη.
283 3995 360 4049 1517.
413 3977 444 4051 a)
464 3981 498 4040 r.
508 3981 564 4038 IV.
577 3994 606 4052 p.
617 3993 677 4049 130.
731 3955 989 4053 unsarans
