2638 4694
400 335 957 429 50‚⁸'''''''''''¹

255 478 370 543 ΟΜΝ
401 503 583 557 ostentant
605 482 742 582 pietatis
761 486 891 577 ⁸zelum.
953 483 1022 557 Sed
1049 483 1161 560 nimio
1187 507 1273 564 certe

245 603 371 660 CXVIH·
400 604 471 676 hoc
499 605 576 674 zelo
605 623 711 698 atque
738 621 945 697 exasperato
971 603 1090 701 rigore
1115 606 1214 678 facile
1238 607 1269 678 in

245 719 385 776 ’‘V“
400 719 683 817 desperationem
703 737 876 815 aguntur,
899 739 1005 815 atquc
1038 747 1058 792 a
1086 721 1150 818 spe
1169 722 1272 795 venire

268 828 275 843 ’
399 834 512 927 averti
543 835 704 932 proclive
740 854 793 907 est
827 855 1054 931 peccatores:
1096 837 1158 935 qui
1192 840 1268 912 dum

397 953 442 1025 ad
467 951 791 1050 reconciliationem
810 952 886 1024 sese
910 952 1123 1048 accingunt,
1158 954 1205 1026 illi
1230 979 1270 1026 ex

392 1069 541 1141 ¹duobus
562 1069 640 1143 filiis
671 1068 795 1142 limiles
825 1067 895 1141 dici
924 1089 1102 1166 possunt,
1141 1071 1201 1167 qni
1227 1070 1269 1143 iu·

395 1186 495 1258 beuti
518 1187 607 1282 patri
632 1187 743 1258 dixit:
780 1195 847 1273 Eo,
884 1196 1021 1274 domine,
1054 1210 1087 1259 et
1111 1193 1268 1274 aon'ivit,

392 1284 549 1398 'quando'
566 1301 713 1375 obiectis
738 1300 966 1374 difficultibus
983 1301 1158 1376 absterriti
1184 1324 1267 1375 retro

385 1405 540 1492 cedunt.
575 1418 770 1491 Alliciendi
787 1444 875 1491 vero
893 1419 1044 1492 suaviter
1061 1439 1266 1516 peccatores,

395 1519 436 1608 itt
456 1536 542 1626 fiant
566 1561 612 1608 ex
637 1535 843 1608 nolentibus
866 1538 1029 1612 volentes
1055 1537 1155 1609 iuxta
1182 1557 1268 1632 para·

384 1651 548 1748 bolam,
576 1655 779 1747 exemplum
802 1651 938 1724 Christi
961 1653 996 1724 in
1023 1654 1219 1750 publicanis
1238 1667 1266 1724 e't

394 1768 638 1841 meretricibus
669 1769 851 1840 habemus.
929 1768 998 1841 Sed
1034 1795 1110 1866 quo
1140 1770 1177 1868 lii
1210 1770 1265 1840 srrtt

393 1883 539 1972 animo,
575 1885 603 1956 si
633 1870 959 1986 iuxtaxJansenium
992 1885 1098 1956 etiam
1127 1938 1148 1972 „
1161 1885 1265 1979 aliqua

393 1997 467 2073 Dei
499 1983 675 2097 praccepta
704 1997 912 2073 bominibus
941 1999 1041 2073 iustis
1071 2001 1266 2076 volentibus

395 2139 431 2190 et
460 2118 695 2205 conantibus,
721 2118 919 2192 secundum
950 2139 1162 2214 praesentes,
1188 2140 1264 2213 quas

391 2235 527 2309 habent
553 2235 672 2323 vires,
703 2233 783 2306 lunt
815 2223 1070 2329 impossibilia,
1106 2238 1262 2330 deestque

391 2351 458 2424 illis
485 2352 597 2449 gratia
625 2379 694 2448 qua
719 2351 904 2448 possibilia
927 2351 1074 2423 fiartt‘?“
1113 2351 1261 2424 Annon

393 2469 525 2542 Christi
548 2469 635 2540 illud
659 2466 717 2540 hic
746 2471 865 2541 locum
890 2469 1059 2540 haberet:
1101 2479 1134 2540 Si
1159 2479 1214 2540 liae
1232 2478 1259 2536 ir

390 2590 566 2673 nitidi,'in
593 2595 682 2656 arido
705 2595 783 2676 quid
796 2594 884 2670 fiet?
922 2585 1009 2672 Sed,
1039 2586 1126 2658 dum
1149 2586 1259 2658 haectt

392 2697 537 2773 Christo
565 2703 658 2773 dicta
683 2701 729 2772 ad
756 2702 899 2772 ludaeos
928 2701 1131 2798 pertinent,
1166 2696 1257 2790 nobis

391 2846 466 2889 non
503 2843 576 2890 esse
606 2817 864 2914 desperandum
898 2819 942 2890 de
976 2820 1096 2912 gratiae
1126 2817 1255 2912 vigore,

375 2933 502 3031 quot,
531 2961 677 3031 quesn,
706 2953 741 3006 et
767 2954 900 3030 quanta
928 2934 1010 3032 ipsae
1041 2936 1143 3008 sacrae
1167 2930 1255 3025 scrip·

389 3070 476 3125 turae
515 3051 742 3148 suppeditant
780 3055 942 3150 exempla
978 3053 1126 3148 perinde
1162 3068 1253 3142 atque

389 3172 593 3265 evangelica
608 3167 803 3265 promissa,
814 3193 854 3240 ac
865 3195 927 3265 per
941 3167 1032 3265 spei,
1054 3167 1251 3257 fiduciaeque

389 3289 531 3380 plenam
565 3285 762 3358 doctrinam
796 3285 981 3359 salutarem
1018 3285 1251 3360 incitamenta,

387 3403 576 3500 gratiaeque
601 3401 794 3476 fomenta?

565 3760 1090 3804 -—-·--—-·
