2474 4568
429 246 663 307 Ε
913 259 985 341 283
1065 278 1068 285 ¹

95 395 267 474 iestando
298 422 381 496 erga
411 422 525 496 genus
552 399 771 494 humanum,
804 415 845 474 ut
871 394 919 473 ad
946 402 988 477 fi·
1006 393 1137 485 cm?

97 543 206 616 nem,
241 509 288 590 ad
313 542 420 614 quem
447 543 468 589 a
493 514 580 591 Deo
605 536 835 604 creatusest,
870 517 984 593 redire
1021 517 1140 596 cL1V„

99 652 252 734 posset,
289 660 397 731 quem
428 632 487 709 hic
517 655 625 736 yocat
652 633 763 731 vitam
795 653 960 710 aternam
979 638 1144 709 ΜΝ
1195 622 1198 628 ’
1230 686 1233 691 »

101 759 173 826 Hac
192 773 240 826 est
259 773 365 827 autem
387 763 459 826 nitu
478 771 608 841 aterna,
636 773 673 854 ut
691 773 874 840 cognoscant
892 774 923 825 te
931 760 988 842 so-

100 880 170 943 lum
195 878 296 942 Deum
317 897 448 958 nerum,
475 889 507 943 et
528 897 620 962 quem
644 882 757 944 misisti
775 879 882 951 Jesum
906 879 988 943 cari·

103 1009 189 1060 stum
208 982 267 1078 a),
288 987 346 1061 hic
359 967 490 1084 nempe
503 986 644 1075 infide,
664 986 762 1087 quasi
775 986 811 1059 in
824 987 989 1086 speculo,

102 1102 176 1177 illic
207 1123 327 1205 autem,
353 1104 390 1179 in
422 1104 562 1202 specie,
598 1104 688 1197 facie
720 1104 765 1180 ad
795 1104 920 1180 faciem
947 1102 987 1204 in

102 1219 224 1323 coelist
249 1240 289 1294 ut
306 1220 364 1311 hic
387 1221 428 1294 fit
443 1220 518 1297 vita
540 1240 690 1311 aeterna,
714 1246 820 1317 quam
839 1218 994 1316 aliasdiae'
1096 1269 1104 1286 t

100 1337 150 1411 cit
166 1362 316 1433 reguum
334 1338 456 1442 suum,
476 1364 608 1436 nempe
626 1337 808 1413 ecclesiam
825 1336 987 1410 fidelium

102 1453 141 1526 in
163 1454 329 1552 praesenti
349 1453 441 1542 vita,
469 1452 506 1559 in
530 1458 775 1529 alternantem
803 1453 985 1529 ecclesiam

100 1573 303 1681 sanctarum
327 1575 505 1650 coelestem
527 1570 566 1649 in
586 1571 750 1650 felititne
769 1590 909 1646 aeterna.

143 1846 151 1862 ι
176 1801 236 1877 Sic
259 1793 367 1877 'Deus
393 1825 445 1879 est
469 1806 589 1881 omnia
609 1804 646 1879 in
668 1789 893 1913 omnibussin
917 1829 985 1880 coe.

103 1925 142 1996 lo
169 1942 206 1995 et
227 1921 263 1994 in
281 1905 371 1995 terra
388 1925 433 1996 ad
451 1924 599 2020 gloriam
617 1926 734 2012 suam,
761 1944 930 2020 tanquam
947 1923 986 1996 fi·
1008 1919 1012 1925 ’

103 2065 189 2112 nem
219 2038 381 2113 ultimum
412 2040 571 2138 omnium
602 2052 737 2126 rerum,
764 2038 986 2113 manifestan-

104 2156 215 2260 dam,
245 2179 287 2230 ac
316 2183 353 2230 se
382 2158 651 2233 ceufummum
674 2156 817 2247 ¹bonum
847 2153 987 2252 partiti·
1037 2244 1041 2249 .

101 2273 263 2370 pandum
293 2301 313 2347 a
343 2275 460 2348 nobis.
499 2274 706 2374 Postquam
735 2272 844 2365 *Deus
880 2299 917 2346 se
947 2272 986 2346 in

102 2389 275 2487 operibus
311 2390 381 2468 suis
417 2392 699 2470 manifestaverat
732 2390 768 2462 in
805 2389 985 2478 creando,

103 2505 256 2605 gloriam
282 2533 395 2594 vem,
436 2535 541 2604 quam
568 2507 599 2581 ei
626 2507 777 2582 reddere
804 2506 986 2612 rationalis

105 2644 263 2697 creatura
291 2625 409 2713 homo!
431 2623 468 2698 in
496 2627 576 2710 hoc·
597 2608 685 2698 urbe
712 2646 898 2722 terraqueo
920 2625 990 2720 ,deq

104 2732 240 2814 buisset
275 2742 460 2816 frustratus
492 2741 678 2838 peccando
709 2744 844 2828 fuerat,
885 2739 991 2817 venit

108 2857 273 2931 Christus
303 2857 465 2933 Verbum
502 2848 662 2932 divinum
700 2857 736 2930 in
769 2879 916 2931 terram:
944 2867 987 2930 Et
1020 2918 1021 2921 ,

104 2987 244 3049 vidimus
264 2985 397 3060 gloriam
414 2989 506 3066 eius,
528 2986 662 3063 gloriam
688 2988 778 3067 quusi
800 2987 988 3061 unigenitia

107 3101 226 3178 Patre,
247 3101 372 3182 plenum
401 3081 507 3177 gratia
536 3114 568 3165 et
595 3103 743 3164 veritatis
766 3087 831 3180 b),
867 3089 986 3185 gratiae

108 3207 275 3281 nimirum
306 3212 454 3311 plenum
491 3227 526 3280 et
553 3206 842 3303 superabundans
868 3207 905 3276 in
931 3231 990 3301 ge·
1039 3278 1041 3282 .

109 3351 177 3398 nus
208 3326 427 3414 humanum,
465 3323 503 3396 in
535 3323 682 3421 gratiam
715 3348 780 3420 per
807 3320 991 3396 Christum

108 3463 293 3540 receptum
315 3444 442 3539 (unde
464 3462 549 3520 nato
570 3438 734 3516 Domino
759 3440 875 3538 angeli
897 3440 998 3544 ceci-1

108 3559 260 3633 nerunt:
284 3571 389 3632 Gloria
410 3574 443 3632 in
465 3572 590 3633 excelsis
611 3570 696 3649 Deo,
715 3580 746 3633 et
765 3572 798 3629 in
821 3581 905 3630 terra
918 3565 991 3648 pax

109 3673 312 3768 hominibus)
339 3675 494 3749 veritatis
527 3697 643 3748 autem
672 3679 817 3775 plenum
845 3674 881 3746 in
913 3673 1021 3770 ipsa

109 3794 391 3897 manifestatione
428 3791 564 3874 divinae
593 3790 735 3886 gloriae,
777 3817 855 3888 quae
894 3792 992 3863 nulla

142 3939 174 4010 s)
190 3942 275 4025 ‘loona¹
292 3942 393 4001 XVII.
412 3954 440 4012 3.
483 3963 494 3974 ⁴·
509 3933 540 4010 b)
561 3938 604 3995 lb.
623 3938 650 3994 1.
668 3953 714 4015 14.
