<?xml version="1.0" encoding="UTF-8"?>
<!DOCTYPE html PUBLIC "-//W3C//DTD XHTML 1.0 Transitional//EN"
    "http://www.w3.org/TR/xhtml1/DTD/xhtml1-transitional.dtd">
<html xmlns="http://www.w3.org/1999/xhtml" xml:lang="en" lang="en">
 <head>
  <title>
</title>
<meta http-equiv="Content-Type" content="text/html;charset=utf-8" />
  <meta name='ocr-system' content='tesseract 3.04.00' />
  <meta name='ocr-capabilities' content='ocr_page ocr_carea ocr_par ocr_line ocrx_word'/>
</head>
<body>
  <div class='ocr_page' id='page_1' title='image "./desublimiinevan03gerbgoog_0030.png"; bbox 0 0 2474 4568; ppageno 0'>
   <div class='ocr_carea' id='block_1_1' title="bbox 423 339 655 352">
    <p class='ocr_par' dir='ltr' id='par_1_1' title="bbox 423 339 655 352">
     <span class='ocr_line' id='line_1_1' title="bbox 423 339 655 352; baseline -0.009 0"><span class='ocrx_word' id='word_1_1' title='bbox 423 339 655 352; x_wconf 49' lang='lat' dir='ltr'>m</span> 
     </span>
    </p>
   </div>
   <div class='ocr_carea' id='block_1_2' title="bbox 66 302 1133 3936">
    <p class='ocr_par' dir='ltr' id='par_1_2' title="bbox 93 302 1133 2186">
     <span class='ocr_line' id='line_1_2' title="bbox 929 302 1016 372; baseline -0.023 0"><span class='ocrx_word' id='word_1_2' title='bbox 929 318 976 372; x_wconf 71' lang='grc' dir='ltr'>αι</span> <span class='ocrx_word' id='word_1_3' title='bbox 1013 302 1016 309; x_wconf 84' lang='grc'>’</span> 
     </span>
     <span class='ocr_line' id='line_1_3' title="bbox 101 428 1117 548; baseline -0.002 -23"><span class='ocrx_word' id='word_1_4' title='bbox 101 459 264 542; x_wconf 71' lang='lat' dir='ltr'>ranj&#39;estim</span> <span class='ocrx_word' id='word_1_5' title='bbox 276 460 414 523; x_wconf 78' lang='lat' dir='ltr'>dimittet</span> <span class='ocrx_word' id='word_1_6' title='bbox 425 479 486 522; x_wconf 87' lang='lat' dir='ltr'>eos.</span> <span class='ocrx_word' id='word_1_7' title='bbox 522 446 583 520; x_wconf 88' lang='lat' dir='ltr'>An</span> <span class='ocrx_word' id='word_1_8' title='bbox 598 475 672 522; x_wconf 90' lang='lat' dir='ltr'>non</span> <span class='ocrx_word' id='word_1_9' title='bbox 686 448 926 548; x_wconf 82' lang='lat' dir='ltr'>paradoxum,</span> <span class='ocrx_word' id='word_1_10' title='bbox 945 469 981 523; x_wconf 89' lang='lat' dir='ltr'>et</span> <span class='ocrx_word' id='word_1_11' title='bbox 1000 428 1117 496; x_wconf 58' lang='lat' dir='ltr'>clm</span> 
     </span>
     <span class='ocr_line' id='line_1_4' title="bbox 99 552 1102 664; baseline 0 -24"><span class='ocrx_word' id='word_1_12' title='bbox 99 569 300 655; x_wconf 82' lang='lat' dir='ltr'>absonum,</span> <span class='ocrx_word' id='word_1_13' title='bbox 327 594 373 640; x_wconf 90' lang='lat' dir='ltr'>ne</span> <span class='ocrx_word' id='word_1_14' title='bbox 397 565 483 664; x_wconf 95' lang='lat' dir='ltr'>quid</span> <span class='ocrx_word' id='word_1_15' title='bbox 505 568 646 664; x_wconf 82' lang='lat' dir='ltr'>gravius</span> <span class='ocrx_word' id='word_1_16' title='bbox 670 567 803 655; x_wconf 85' lang='lat' dir='ltr'>dicam,</span> <span class='ocrx_word' id='word_1_17' title='bbox 832 567 981 664; x_wconf 90' lang='lat' dir='ltr'>discipu·</span> <span class='ocrx_word' id='word_1_18' title='bbox 1013 552 1102 609; x_wconf 59' lang='lat'><strong>⁰³⁰¹·</strong></span> 
     </span>
     <span class='ocr_line' id='line_1_5' title="bbox 99 674 1133 783; baseline -0.003 -25"><span class='ocrx_word' id='word_1_19' title='bbox 99 685 142 758; x_wconf 92' lang='lat' dir='ltr'>lis</span> <span class='ocrx_word' id='word_1_20' title='bbox 170 685 286 760; x_wconf 89' lang='lat' dir='ltr'>videri</span> <span class='ocrx_word' id='word_1_21' title='bbox 317 703 478 783; x_wconf 88' lang='lat' dir='ltr'>poterat,</span> <span class='ocrx_word' id='word_1_22' title='bbox 519 683 633 757; x_wconf 89' lang='lat' dir='ltr'>inscio</span> <span class='ocrx_word' id='word_1_23' title='bbox 670 684 819 757; x_wconf 91' lang='lat' dir='ltr'>domino</span> <span class='ocrx_word' id='word_1_24' title='bbox 855 674 1133 772; x_wconf 46' lang='lat' dir='ltr'>asinam</span> 
     </span>
     <span class='ocr_line' id='line_1_6' title="bbox 101 801 1005 889; baseline -0.001 -13"><span class='ocrx_word' id='word_1_25' title='bbox 101 829 178 876; x_wconf 84' lang='lat' dir='ltr'>eam</span> <span class='ocrx_word' id='word_1_26' title='bbox 208 805 369 889; x_wconf 79' lang='lat' dir='ltr'>solvere,</span> <span class='ocrx_word' id='word_1_27' title='bbox 404 821 440 874; x_wconf 92' lang='lat' dir='ltr'>et</span> <span class='ocrx_word' id='word_1_28' title='bbox 467 801 675 874; x_wconf 83' lang='lat' dir='ltr'>abducere?</span> <span class='ocrx_word' id='word_1_29' title='bbox 712 801 774 872; x_wconf 89' lang='lat' dir='ltr'>An</span> <span class='ocrx_word' id='word_1_30' title='bbox 796 825 1005 875; x_wconf 88' lang='lat' dir='ltr'>veronon-</span> 
     </span>
     <span class='ocr_line' id='line_1_7' title="bbox 98 918 989 1016; baseline 0.001 -24"><span class='ocrx_word' id='word_1_31' title='bbox 98 919 212 1016; x_wconf 86' lang='lat' dir='ltr'>magis</span> <span class='ocrx_word' id='word_1_32' title='bbox 244 920 490 1016; x_wconf 84' lang='lat' dir='ltr'>paradoxum,</span> <span class='ocrx_word' id='word_1_33' title='bbox 531 936 567 992; x_wconf 89' lang='lat' dir='ltr'>et</span> <span class='ocrx_word' id='word_1_34' title='bbox 598 918 809 993; x_wconf 84' lang='lat' dir='ltr'>incredibile</span> <span class='ocrx_word' id='word_1_35' title='bbox 840 946 989 1016; x_wconf 85' lang='lat' dir='ltr'>prorsus</span> 
     </span>
     <span class='ocr_line' id='line_1_8' title="bbox 99 1035 987 1131; baseline -0.001 -22"><span class='ocrx_word' id='word_1_36' title='bbox 99 1036 268 1110; x_wconf 87' lang='lat' dir='ltr'>effectum</span> <span class='ocrx_word' id='word_1_37' title='bbox 312 1035 380 1122; x_wconf 89' lang='lat' dir='ltr'>iri,</span> <span class='ocrx_word' id='word_1_38' title='bbox 432 1035 533 1131; x_wconf 92' lang='lat' dir='ltr'>quod</span> <span class='ocrx_word' id='word_1_39' title='bbox 572 1061 757 1131; x_wconf 82' lang='lat' dir='ltr'>resurgens</span> <span class='ocrx_word' id='word_1_40' title='bbox 800 1035 987 1108; x_wconf 78' lang='lat' dir='ltr'>Dominus</span> 
     </span>
     <span class='ocr_line' id='line_1_9' title="bbox 97 1152 988 1251; baseline 0.002 -26"><span class='ocrx_word' id='word_1_41' title='bbox 97 1153 223 1251; x_wconf 87' lang='lat' dir='ltr'>paucis</span> <span class='ocrx_word' id='word_1_42' title='bbox 249 1173 334 1250; x_wconf 91' lang='lat' dir='ltr'>post</span> <span class='ocrx_word' id='word_1_43' title='bbox 363 1152 512 1240; x_wconf 87' lang='lat' dir='ltr'>diebus,</span> <span class='ocrx_word' id='word_1_44' title='bbox 555 1177 689 1249; x_wconf 88' lang='lat' dir='ltr'>paucos</span> <span class='ocrx_word' id='word_1_45' title='bbox 722 1153 914 1250; x_wconf 86' lang='lat' dir='ltr'>piscatores</span> <span class='ocrx_word' id='word_1_46' title='bbox 945 1177 988 1227; x_wconf 89' lang='lat' dir='ltr'>ac</span> 
     </span>
     <span class='ocr_line' id='line_1_10' title="bbox 98 1268 987 1367; baseline 0.001 -25"><span class='ocrx_word' id='word_1_47' title='bbox 98 1271 298 1367; x_wconf 89' lang='lat' dir='ltr'>discipulos</span> <span class='ocrx_word' id='word_1_48' title='bbox 329 1270 475 1343; x_wconf 85' lang='lat' dir='ltr'>eosdem</span> <span class='ocrx_word' id='word_1_49' title='bbox 506 1269 606 1342; x_wconf 90' lang='lat' dir='ltr'>iubet</span> <span class='ocrx_word' id='word_1_50' title='bbox 636 1269 685 1342; x_wconf 89' lang='lat' dir='ltr'>ire</span> <span class='ocrx_word' id='word_1_51' title='bbox 713 1268 751 1339; x_wconf 94' lang='lat' dir='ltr'>in</span> <span class='ocrx_word' id='word_1_52' title='bbox 780 1269 987 1343; x_wconf 90' lang='lat' dir='ltr'>universum</span> 
     </span>
     <span class='ocr_line' id='line_1_11' title="bbox 96 1386 987 1483; baseline 0 -25"><span class='ocrx_word' id='word_1_53' title='bbox 96 1388 274 1460; x_wconf 91' lang='lat' dir='ltr'>mundum</span> <span class='ocrx_word' id='word_1_54' title='bbox 317 1405 352 1460; x_wconf 89' lang='lat' dir='ltr'>et</span> <span class='ocrx_word' id='word_1_55' title='bbox 393 1386 580 1483; x_wconf 85' lang='lat' dir='ltr'>praedicare</span> <span class='ocrx_word' id='word_1_56' title='bbox 611 1386 845 1482; x_wconf 85' lang='lat' dir='ltr'>Evangelium</span> <span class='ocrx_word' id='word_1_57' title='bbox 887 1387 987 1459; x_wconf 92' lang='lat' dir='ltr'>omni</span> 
     </span>
     <span class='ocr_line' id='line_1_12' title="bbox 98 1503 989 1600; baseline -0.001 -24"><span class='ocrx_word' id='word_1_58' title='bbox 98 1505 297 1577; x_wconf 76' lang='lat' dir='ltr'>creaturae?</span> <span class='ocrx_word' id='word_1_59' title='bbox 315 1524 504 1600; x_wconf 91' lang='lat' dir='ltr'>utrumque</span> <span class='ocrx_word' id='word_1_60' title='bbox 522 1523 660 1591; x_wconf 87' lang='lat' dir='ltr'>autem,</span> <span class='ocrx_word' id='word_1_61' title='bbox 680 1505 765 1576; x_wconf 94' lang='lat' dir='ltr'>dum</span> <span class='ocrx_word' id='word_1_62' title='bbox 784 1504 869 1576; x_wconf 88' lang='lat' dir='ltr'>nihil</span> <span class='ocrx_word' id='word_1_63' title='bbox 889 1503 989 1576; x_wconf 87' lang='lat' dir='ltr'>haesi·</span> 
     </span>
     <span class='ocr_line' id='line_1_13' title="bbox 100 1620 989 1719; baseline -0.001 -25"><span class='ocrx_word' id='word_1_64' title='bbox 100 1633 215 1694; x_wconf 86' lang='lat' dir='ltr'>tantes</span> <span class='ocrx_word' id='word_1_65' title='bbox 241 1621 396 1709; x_wconf 79' lang='lat' dir='ltr'>faciunt,</span> <span class='ocrx_word' id='word_1_66' title='bbox 432 1621 535 1716; x_wconf 94' lang='lat' dir='ltr'>quod</span> <span class='ocrx_word' id='word_1_67' title='bbox 558 1620 644 1694; x_wconf 90' lang='lat' dir='ltr'>iussi</span> <span class='ocrx_word' id='word_1_68' title='bbox 673 1622 772 1708; x_wconf 87' lang='lat' dir='ltr'>lunt,</span> <span class='ocrx_word' id='word_1_69' title='bbox 803 1621 989 1719; x_wconf 87' lang='lat' dir='ltr'>discipuli,</span> 
     </span>
     <span class='ocr_line' id='line_1_14' title="bbox 96 1720 988 1835; baseline -0.003 -23"><span class='ocrx_word' id='word_1_70' title='bbox 96 1739 229 1812; x_wconf 76' lang='lat' dir='ltr'>lactum</span> <span class='ocrx_word' id='word_1_71' title='bbox 253 1763 293 1808; x_wconf 92' lang='lat' dir='ltr'>ac</span> <span class='ocrx_word' id='word_1_72' title='bbox 315 1720 500 1835; x_wconf 86' lang='lat' dir='ltr'>impletum</span> <span class='ocrx_word' id='word_1_73' title='bbox 525 1758 586 1810; x_wconf 85' lang='lat' dir='ltr'>est</span> <span class='ocrx_word' id='word_1_74' title='bbox 635 1738 802 1823; x_wconf 85' lang='lat' dir='ltr'>Revera,</span> <span class='ocrx_word' id='word_1_75' title='bbox 821 1731 880 1810; x_wconf 60' lang='lat' dir='ltr'>¹&#39;uti</span> <span class='ocrx_word' id='word_1_76' title='bbox 902 1760 988 1834; x_wconf 87' lang='lat' dir='ltr'>prae·</span> 
     </span>
     <span class='ocr_line' id='line_1_15' title="bbox 93 1853 987 1952; baseline 0 -25"><span class='ocrx_word' id='word_1_77' title='bbox 93 1854 188 1927; x_wconf 89' lang='lat' dir='ltr'>scius</span> <span class='ocrx_word' id='word_1_78' title='bbox 219 1881 337 1926; x_wconf 89' lang='lat' dir='ltr'>rerum</span> <span class='ocrx_word' id='word_1_79' title='bbox 367 1856 528 1929; x_wconf 91' lang='lat' dir='ltr'>omnium</span> <span class='ocrx_word' id='word_1_80' title='bbox 559 1853 740 1952; x_wconf 80' lang='lat' dir='ltr'>praedicit,</span> <span class='ocrx_word' id='word_1_81' title='bbox 768 1854 922 1941; x_wconf 88' lang='lat' dir='ltr'>accidit,</span> <span class='ocrx_word' id='word_1_82' title='bbox 951 1872 987 1928; x_wconf 86' lang='lat' dir='ltr'>et</span> 
     </span>
     <span class='ocr_line' id='line_1_16' title="bbox 97 1968 987 2068; baseline -0.002 -24"><span class='ocrx_word' id='word_1_83' title='bbox 97 1973 200 2068; x_wconf 89' lang='lat' dir='ltr'>quod</span> <span class='ocrx_word' id='word_1_84' title='bbox 229 1982 296 2043; x_wconf 82' lang='lat' dir='ltr'>Rex</span> <span class='ocrx_word' id='word_1_85' title='bbox 325 1984 422 2043; x_wconf 81' lang='lat' dir='ltr'>lsrael</span> <span class='ocrx_word' id='word_1_86' title='bbox 445 1973 566 2060; x_wconf 92' lang='lat' dir='ltr'>iussit,</span> <span class='ocrx_word' id='word_1_87' title='bbox 601 1973 733 2045; x_wconf 80' lang='lat' dir='ltr'>lactum</span> <span class='ocrx_word' id='word_1_88' title='bbox 764 1989 815 2044; x_wconf 90' lang='lat' dir='ltr'>est</span> <span class='ocrx_word' id='word_1_89' title='bbox 841 1968 987 2048; x_wconf 88' lang='lat' dir='ltr'>incunc-</span> 
     </span>
     <span class='ocr_line' id='line_1_17' title="bbox 94 2088 984 2186; baseline -0.001 -25"><span class='ocrx_word' id='word_1_90' title='bbox 94 2109 221 2162; x_wconf 88' lang='lat' dir='ltr'>tanter.</span> <span class='ocrx_word' id='word_1_91' title='bbox 275 2088 501 2161; x_wconf 91' lang='lat' dir='ltr'>Solventibus</span> <span class='ocrx_word' id='word_1_92' title='bbox 524 2089 616 2160; x_wconf 91' lang='lat' dir='ltr'>enim</span> <span class='ocrx_word' id='word_1_93' title='bbox 639 2089 821 2186; x_wconf 89' lang='lat' dir='ltr'>discipulis</span> <span class='ocrx_word' id='word_1_94' title='bbox 843 2093 984 2185; x_wconf 91' lang='lat' dir='ltr'>pullum</span> 
     </span>
    </p>

    <p class='ocr_par' dir='ltr' id='par_1_3' title="bbox 66 2191 987 3936">
     <span class='ocr_line' id='line_1_18' title="bbox 66 2191 987 2299; baseline -0.002 -22"><span class='ocrx_word' id='word_1_95' title='bbox 66 2191 69 2194; x_wconf 35' lang='lat'><em>⁷</em></span> <span class='ocrx_word' id='word_1_96' title='bbox 98 2207 270 2278; x_wconf 85' lang='lat' dir='ltr'>dixerunt</span> <span class='ocrx_word' id='word_1_97' title='bbox 299 2206 435 2278; x_wconf 93' lang='lat' dir='ltr'>domini</span> <span class='ocrx_word' id='word_1_98' title='bbox 462 2205 537 2278; x_wconf 91' lang='lat' dir='ltr'>eius</span> <span class='ocrx_word' id='word_1_99' title='bbox 566 2201 627 2293; x_wconf 87' lang='lat' dir='ltr'>a):</span> <span class='ocrx_word' id='word_1_100' title='bbox 667 2216 751 2299; x_wconf 68' lang='lat' dir='ltr'>Quid</span> <span class='ocrx_word' id='word_1_101' title='bbox 762 2214 894 2299; x_wconf 69' lang='lat' dir='ltr'>statuitis</span> <span class='ocrx_word' id='word_1_102' title='bbox 914 2215 987 2297; x_wconf 82' lang='lat' dir='ltr'>pul-</span> 
     </span>
     <span class='ocr_line' id='line_1_19' title="bbox 95 2322 982 2419; baseline -0.003 -25"><span class='ocrx_word' id='word_1_103' title='bbox 95 2333 185 2394; x_wconf 76' lang='lat' dir='ltr'>lum?</span> <span class='ocrx_word' id='word_1_104' title='bbox 208 2324 266 2394; x_wconf 63' lang='lat' dir='ltr'>‘At</span> <span class='ocrx_word' id='word_1_105' title='bbox 291 2323 341 2394; x_wconf 91' lang='lat' dir='ltr'>illi</span> <span class='ocrx_word' id='word_1_106' title='bbox 365 2342 406 2395; x_wconf 89' lang='lat' dir='ltr'>ut</span> <span class='ocrx_word' id='word_1_107' title='bbox 432 2322 518 2395; x_wconf 90' lang='lat' dir='ltr'>iussi</span> <span class='ocrx_word' id='word_1_108' title='bbox 543 2343 663 2409; x_wconf 87' lang='lat' dir='ltr'>erant,</span> <span class='ocrx_word' id='word_1_109' title='bbox 691 2323 982 2419; x_wconf 88' lang='lat' dir='ltr'>responderunt:</span> 
     </span>
     <span class='ocr_line' id='line_1_20' title="bbox 97 2436 986 2532; baseline -0.001 -24"><span class='ocrx_word' id='word_1_110' title='bbox 97 2453 172 2532; x_wconf 76' lang='lat' dir='ltr'>quia</span> <span class='ocrx_word' id='word_1_111' title='bbox 187 2448 351 2511; x_wconf 78' lang='lat' dir='ltr'>Dominus</span> <span class='ocrx_word' id='word_1_112' title='bbox 374 2467 443 2512; x_wconf 83' lang='lat' dir='ltr'>tum</span> <span class='ocrx_word' id='word_1_113' title='bbox 469 2452 669 2512; x_wconf 84' lang='lat' dir='ltr'>necessarium</span> <span class='ocrx_word' id='word_1_114' title='bbox 696 2448 797 2511; x_wconf 78' lang='lat' dir='ltr'>habet.</span> <span class='ocrx_word' id='word_1_115' title='bbox 861 2439 909 2522; x_wconf 82' lang='lat' dir='ltr'>Et</span> <span class='ocrx_word' id='word_1_116' title='bbox 936 2436 986 2507; x_wconf 90' lang='lat' dir='ltr'>di·</span> 
     </span>
     <span class='ocr_line' id='line_1_21' title="bbox 96 2555 984 2648; baseline -0.007 -20"><span class='ocrx_word' id='word_1_117' title='bbox 96 2555 270 2628; x_wconf 87' lang='lat' dir='ltr'>miserunt</span> <span class='ocrx_word' id='word_1_118' title='bbox 293 2582 397 2642; x_wconf 90' lang='lat' dir='ltr'>eum;</span> <span class='ocrx_word' id='word_1_119' title='bbox 435 2567 650 2648; x_wconf 81' lang='lat' dir='ltr'>duxeruntque</span> <span class='ocrx_word' id='word_1_120' title='bbox 677 2564 765 2626; x_wconf 81' lang='lat' dir='ltr'>illum</span> <span class='ocrx_word' id='word_1_121' title='bbox 789 2565 833 2625; x_wconf 84' lang='lat' dir='ltr'>ud</span> <span class='ocrx_word' id='word_1_122' title='bbox 852 2565 984 2635; x_wconf 83' lang='lat' dir='ltr'>Jesum:</span> 
     </span>
     <span class='ocr_line' id='line_1_22' title="bbox 97 2680 986 2764; baseline -0.002 -21"><span class='ocrx_word' id='word_1_123' title='bbox 97 2682 139 2744; x_wconf 85' lang='lat' dir='ltr'>Et</span> <span class='ocrx_word' id='word_1_124' title='bbox 164 2687 318 2745; x_wconf 83' lang='lat' dir='ltr'>iactantes</span> <span class='ocrx_word' id='word_1_125' title='bbox 342 2685 528 2746; x_wconf 82' lang='lat' dir='ltr'>vestimenta</span> <span class='ocrx_word' id='word_1_126' title='bbox 541 2681 609 2762; x_wconf 83' lang='lat' dir='ltr'>sua</span> <span class='ocrx_word' id='word_1_127' title='bbox 623 2681 728 2764; x_wconf 83' lang='lat' dir='ltr'>supra</span> <span class='ocrx_word' id='word_1_128' title='bbox 748 2680 891 2763; x_wconf 81' lang='lat' dir='ltr'>pullum,</span> <span class='ocrx_word' id='word_1_129' title='bbox 928 2682 986 2741; x_wconf 88' lang='lat' dir='ltr'>im·</span> 
     </span>
     <span class='ocr_line' id='line_1_23' title="bbox 90 2784 985 2880; baseline -0.001 -20"><span class='ocrx_word' id='word_1_130' title='bbox 90 2784 264 2880; x_wconf 73' lang='lat' dir='ltr'>posuerunt</span> <span class='ocrx_word' id='word_1_131' title='bbox 283 2798 399 2869; x_wconf 78' lang='lat' dir='ltr'>Jesum.</span> <span class='ocrx_word' id='word_1_132' title='bbox 463 2800 563 2862; x_wconf 78' lang='lat' dir='ltr'>Eume</span> <span class='ocrx_word' id='word_1_133' title='bbox 590 2811 694 2861; x_wconf 82' lang='lat' dir='ltr'>autem</span> <span class='ocrx_word' id='word_1_134' title='bbox 722 2798 792 2875; x_wconf 86' lang='lat' dir='ltr'>illo,</span> <span class='ocrx_word' id='word_1_135' title='bbox 808 2797 985 2878; x_wconf 82' lang='lat' dir='ltr'>substerne·</span> 
     </span>
     <span class='ocr_line' id='line_1_24' title="bbox 97 2903 984 3001; baseline 0 -25"><span class='ocrx_word' id='word_1_136' title='bbox 97 2915 173 2977; x_wconf 86' lang='lat' dir='ltr'>bant</span> <span class='ocrx_word' id='word_1_137' title='bbox 198 2918 383 2976; x_wconf 81' lang='lat' dir='ltr'>uestimenta</span> <span class='ocrx_word' id='word_1_138' title='bbox 399 2913 467 2996; x_wconf 75' lang='lat' dir='ltr'>suu</span> <span class='ocrx_word' id='word_1_139' title='bbox 490 2920 522 2983; x_wconf 80' lang='lat' dir='ltr'>in</span> <span class='ocrx_word' id='word_1_140' title='bbox 548 2918 606 2976; x_wconf 84' lang='lat' dir='ltr'>via</span> <span class='ocrx_word' id='word_1_141' title='bbox 633 2903 682 2995; x_wconf 89' lang='lat' dir='ltr'>b).</span> <span class='ocrx_word' id='word_1_142' title='bbox 750 2905 791 2976; x_wconf 88' lang='lat' dir='ltr'>In</span> <span class='ocrx_word' id='word_1_143' title='bbox 816 2905 984 3001; x_wconf 87' lang='lat' dir='ltr'>eoquod</span> 
     </span>
     <span class='ocr_line' id='line_1_25' title="bbox 101 3021 984 3119; baseline 0.003 -28"><span class='ocrx_word' id='word_1_144' title='bbox 101 3021 263 3118; x_wconf 85' lang='lat' dir='ltr'>discipuli</span> <span class='ocrx_word' id='word_1_145' title='bbox 285 3022 494 3094; x_wconf 88' lang='lat' dir='ltr'>vestimenta</span> <span class='ocrx_word' id='word_1_146' title='bbox 520 3024 581 3094; x_wconf 83' lang='lat' dir='ltr'>sua&#39;</span> <span class='ocrx_word' id='word_1_147' title='bbox 602 3023 761 3096; x_wconf 88' lang='lat' dir='ltr'>sternunt</span> <span class='ocrx_word' id='word_1_148' title='bbox 778 3025 882 3119; x_wconf 87' lang='lat' dir='ltr'>super</span> <span class='ocrx_word' id='word_1_149' title='bbox 906 3025 984 3119; x_wconf 88' lang='lat' dir='ltr'>pul·</span> 
     </span>
     <span class='ocr_line' id='line_1_26' title="bbox 99 3135 980 3236; baseline 0.001 -27"><span class='ocrx_word' id='word_1_150' title='bbox 99 3141 173 3210; x_wconf 90' lang='lat' dir='ltr'>lum</span> <span class='ocrx_word' id='word_1_151' title='bbox 217 3135 362 3235; x_wconf 87' lang='lat' dir='ltr'>apparet</span> <span class='ocrx_word' id='word_1_152' title='bbox 401 3138 543 3234; x_wconf 88' lang='lat' dir='ltr'>quidem</span> <span class='ocrx_word' id='word_1_153' title='bbox 588 3143 723 3212; x_wconf 91' lang='lat' dir='ltr'>summa</span> <span class='ocrx_word' id='word_1_154' title='bbox 764 3160 980 3236; x_wconf 85' lang='lat' dir='ltr'>paupertas:</span> 
     </span>
     <span class='ocr_line' id='line_1_27' title="bbox 99 3255 982 3350; baseline 0.003 -25"><span class='ocrx_word' id='word_1_155' title='bbox 99 3256 201 3350; x_wconf 93' lang='lat' dir='ltr'>quod</span> <span class='ocrx_word' id='word_1_156' title='bbox 226 3282 313 3329; x_wconf 86' lang='lat' dir='ltr'>vero</span> <span class='ocrx_word' id='word_1_157' title='bbox 337 3255 607 3328; x_wconf 86' lang='lat' dir='ltr'>substernebant</span> <span class='ocrx_word' id='word_1_158' title='bbox 626 3255 835 3329; x_wconf 89' lang='lat' dir='ltr'>vestimenta</span> <span class='ocrx_word' id='word_1_159' title='bbox 860 3257 982 3328; x_wconf 82' lang='lat' dir='ltr'>suain</span> 
     </span>
     <span class='ocr_line' id='line_1_28' title="bbox 98 3370 981 3469; baseline 0 -24"><span class='ocrx_word' id='word_1_160' title='bbox 98 3371 176 3459; x_wconf 87' lang='lat' dir='ltr'>via,</span> <span class='ocrx_word' id='word_1_161' title='bbox 212 3372 382 3469; x_wconf 89' lang='lat' dir='ltr'>triumphi</span> <span class='ocrx_word' id='word_1_162' title='bbox 411 3391 464 3444; x_wconf 89' lang='lat' dir='ltr'>est</span> <span class='ocrx_word' id='word_1_163' title='bbox 493 3373 601 3444; x_wconf 90' lang='lat' dir='ltr'>decus</span> <span class='ocrx_word' id='word_1_164' title='bbox 632 3393 666 3444; x_wconf 91' lang='lat' dir='ltr'>et</span> <span class='ocrx_word' id='word_1_165' title='bbox 696 3370 981 3469; x_wconf 76' lang='lat' dir='ltr'>magnificentia,</span> 
     </span>
     <span class='ocr_line' id='line_1_29' title="bbox 101 3489 982 3585; baseline -0.002 -24"><span class='ocrx_word' id='word_1_166' title='bbox 101 3513 176 3584; x_wconf 84' lang='lat' dir='ltr'>quae</span> <span class='ocrx_word' id='word_1_167' title='bbox 207 3489 293 3562; x_wconf 92' lang='lat' dir='ltr'>nulli</span> <span class='ocrx_word' id='word_1_168' title='bbox 324 3515 481 3585; x_wconf 91' lang='lat' dir='ltr'>unquam</span> <span class='ocrx_word' id='word_1_169' title='bbox 513 3491 726 3563; x_wconf 88' lang='lat' dir='ltr'>terrestrium</span> <span class='ocrx_word' id='word_1_170' title='bbox 761 3516 885 3584; x_wconf 84' lang='lat' dir='ltr'>regum</span> <span class='ocrx_word' id='word_1_171' title='bbox 921 3505 982 3560; x_wconf 88' lang='lat' dir='ltr'>aut</span> 
     </span>
     <span class='ocr_line' id='line_1_30' title="bbox 100 3601 981 3704; baseline -0.003 -28"><span class='ocrx_word' id='word_1_172' title='bbox 100 3607 352 3704; x_wconf 89' lang='lat' dir='ltr'>imperatorum</span> <span class='ocrx_word' id='word_1_173' title='bbox 384 3606 555 3702; x_wconf 86' lang='lat' dir='ltr'>contigit,</span> <span class='ocrx_word' id='word_1_174' title='bbox 597 3633 662 3678; x_wconf 93' lang='lat' dir='ltr'>nec</span> <span class='ocrx_word' id='word_1_175' title='bbox 694 3607 879 3702; x_wconf 87' lang='lat' dir='ltr'>quisquam</span> <span class='ocrx_word' id='word_1_176' title='bbox 916 3601 981 3675; x_wconf 80' lang='lat' dir='ltr'>libi</span> 
     </span>
     <span class='ocr_line' id='line_1_31' title="bbox 104 3720 980 3821; baseline -0.005 -27"><span class='ocrx_word' id='word_1_177' title='bbox 104 3727 326 3821; x_wconf 85' lang='lat' dir='ltr'>expostulare</span> <span class='ocrx_word' id='word_1_178' title='bbox 355 3740 407 3794; x_wconf 91' lang='lat' dir='ltr'>est</span> <span class='ocrx_word' id='word_1_179' title='bbox 432 3749 536 3794; x_wconf 88' lang='lat' dir='ltr'>ausus</span> <span class='ocrx_word' id='word_1_180' title='bbox 569 3722 878 3819; x_wconf 87' lang='lat' dir='ltr'>triumphantium,</span> <span class='ocrx_word' id='word_1_181' title='bbox 915 3720 980 3792; x_wconf 85' lang='lat' dir='ltr'>loli</span> 
     </span>
     <span class='ocr_line' id='line_1_32' title="bbox 104 3837 983 3936; baseline -0.002 -26"><span class='ocrx_word' id='word_1_182' title='bbox 104 3839 193 3936; x_wconf 78' lang='lat' dir='ltr'>Regi</span> <span class='ocrx_word' id='word_1_183' title='bbox 219 3867 360 3936; x_wconf 81' lang='lat' dir='ltr'>regum,</span> <span class='ocrx_word' id='word_1_184' title='bbox 389 3860 423 3911; x_wconf 87' lang='lat' dir='ltr'>et</span> <span class='ocrx_word' id='word_1_185' title='bbox 450 3837 613 3911; x_wconf 91' lang='lat' dir='ltr'>Domino</span> <span class='ocrx_word' id='word_1_186' title='bbox 638 3837 900 3912; x_wconf 89' lang='lat' dir='ltr'>dominantium</span> <span class='ocrx_word' id='word_1_187' title='bbox 925 3837 983 3909; x_wconf 75' lang='lat' dir='ltr'>de·</span> 
     </span>
    </p>
   </div>
   <div class='ocr_carea' id='block_1_3' title="bbox 136 3983 722 4075">
    <p class='ocr_par' dir='ltr' id='par_1_4' title="bbox 136 3983 722 4075">
     <span class='ocr_line' id='line_1_33' title="bbox 136 3983 722 4075; baseline 0.003 -35"><span class='ocrx_word' id='word_1_188' title='bbox 136 3983 167 4056; x_wconf 79' lang='lat' dir='ltr'>a)</span> <span class='ocrx_word' id='word_1_189' title='bbox 182 3989 246 4044; x_wconf 76' lang='lat' dir='ltr'>Luc.</span> <span class='ocrx_word' id='word_1_190' title='bbox 268 3988 352 4043; x_wconf 84' lang='lat' dir='ltr'><strong><em>XIX.</em></strong></span> <span class='ocrx_word' id='word_1_191' title='bbox 372 3999 416 4056; x_wconf 78' lang='lat'>33.</span> <span class='ocrx_word' id='word_1_192' title='bbox 504 3983 534 4054; x_wconf 81' lang='lat' dir='ltr'>b)</span> <span class='ocrx_word' id='word_1_193' title='bbox 553 3987 595 4042; x_wconf 72' lang='lat' dir='ltr'>Il.</span> <span class='ocrx_word' id='word_1_194' title='bbox 615 3999 660 4053; x_wconf 79' lang='lat'>35·</span> <span class='ocrx_word' id='word_1_195' title='bbox 719 4070 722 4075; x_wconf 26' lang='grc' dir='ltr'>Ι</span> 
     </span>
    </p>
   </div>
   <div class='ocr_carea' id='block_1_4' title="bbox 0 0 1242 4568">
    <p class='ocr_par' dir='ltr' id='par_1_5' title="bbox 0 0 1242 4568">
     <span class='ocr_line' id='line_1_34' title="bbox 0 0 1242 4568; baseline 0 1"><span class='ocrx_word' id='word_1_196' title='bbox 0 0 1242 4568; x_wconf 95' lang='lat' dir='ltr'> </span> 
     </span>
    </p>
   </div>
  </div>
 </body>
</html>
