2474 4568
260 276 332 366 1⁴96>
577 263 809 320 Ξ

11 421 15 429 ’
114 396 228 471 clm
252 405 358 510 lesu,
395 441 429 497 et
455 447 594 494 carnem
622 441 656 494 et
678 419 884 516 sanguinem
911 448 986 494 esse
1014 421 1131 498 edocti

96 530 246 586 CXXXVI.
255 544 381 623 sumus.
422 539 518 612 Nam
539 540 692 636 apostoli
713 538 749 609 in
770 540 1032 612 commentariis
1050 542 1129 630 suis,

98 639 238 705 “W
252 683 330 756 quac
355 657 539 753 evangelia
561 677 752 745 vocantur,
780 657 825 729 sic
843 657 905 728 s1bi
924 660 1130 732 'mandatum

251 803 326 848 esse
347 775 585 847 tradiderunt:
608 775 727 846 lesum
750 793 899 870 accepto
917 801 1030 871 pane,
1051 801 1130 849 cum

249 894 377 991 gratias
406 892 553 988 egisset,
581 891 729 965 dixisse:
766 901 832 962 Hoc
844 901 949 979 facite
976 904 1016 981 in,
1032 922 1130 966 meam

250 1016 589 1107 commemorationem:
630 1014 693 1080 Hoc
719 1031 764 1080 est
789 1037 897 1100 corpus
922 1037 1045 1080 metim:
1086 1011 1131 1082 Si·

250 1127 377 1200 militer
402 1132 560 1223 accepto
577 1120 705 1213 calice,
733 1152 812 1199 cum
836 1125 964 1222 gratias
992 1127 1145 1222 egisset.

252 1243 404 1316 dixisse:
435 1253 490 1314 Hic
509 1264 554 1315 est
562 1252 697 1331 sanguis·
714 1273 807 1315 meus.
819 1246 840 1281 “
893 1243 985 1315 Cum
1008 1246 1045 1314 in
1069 1272 1130 1317 ort

252 1362 407 1432 duorum.
424 1381 483 1432 aut
501 1360 603 1431 trium
623 1353 689 1432 stet
706 1382 813 1433 omne
829 1360 1000 1448 verbum,
1024 1360 1056 1432 S.
1076 1362 1131 1434 Ju-

250 1478 344 1552 stino
363 1476 524 1574 martyri,
543 1477 603 1572 qui
618 1476 823 1549 Gentilibus
842 1477 1015 1549 rationem
1035 1479 1131 1550 sacri-

248 1595 318 1669 ficii
339 1590 530 1666 Christiani
549 1593 732 1690 exposuit,
751 1608 821 1666 tres
840 1594 925 1667 alios
944 1593 1131 1690 iungamus

249 1733 418 1809 martyres
437 1712 626 1799 Irenaeum,
646 1713 822 1806 Ignatium
842 1704 1129 1810 etCyprianum,

152 1927 161 1932 .
247 1830 309 1927 qui
341 1821 440 1926 epist.
474 1834 531 1918 63.
564 1830 608 1901 ad
639 1828 845 1917 Caecilium,-
879 1829 914 1900 in
949 1830 1130 1902 sacerdote

248 1936 521 2023 Melchisedech
553 1939 710 2026 sacrificii
742 1940 912 2018 dominici
940 1948 1132 2019 sacramen·

208 2111 209 2114 =
247 2080 324 2137 tum
361 2058 626 2161 praefiguratum
667 2059 823 2161 explicat
858 2064 958 2138 iuxta
996 2065 1133 2160 psalmi-

248 2182 359 2255 stam:
389 2173 435 2253 Tu
459 2208 489 2254 es
498 2184 645 2270 sacerdos
666 2186 698 2253 in
719 2204 878 2270 aternum,
890 2190 1064 2294 secundnm
1086 2211 1132 2252 or·

248 2312 348 2372 (lenem
366 2301 602 2385 Melchisedech,
623 2298 718 2370 cuius
738 2291 974 2395 praestantiam
997 2324 1070 2394 prae
1087 2301 1134 2370 sa·

249 2416 409 2489 cerdotio
431 2414 616 2487 Aaronico
636 2415 704 2506 iam
724 2416 754 2488 S.
774 2416 903 2488 Paulus
921 2407 1033 2513 Hebr.
1049 2417 1131 2488 Vll.

155 2597 157 2601 .
251 2531 426 2618 ostendit,
454 2532 608 2628 hincque
636 2551 897 2628 argumentatus
926 2533 958 2604 S⁴
986 2534 1133 2630 Cypria·

206 2721 209 2728 ,
247 2675 331 2719 nus:
355 2644 506 2751 ¹„Quod
529 2668 665 2735 autem,
694 2650 829 2746 inquit,
856 2644 1130 2723 Melchisedech

248 2783 376 2860 typum
400 2755 534 2834 Christi
556 2784 733 2860 portaret,
759 2768 912 2840 declarat
931 2767 967 2837 in
989 2768 1132 2864 psalmis

249 2880 396 2976 Spiritus
415 2880 552 2952 sanctus
572 2908 618 2952 ex
641 2903 793 2977 persona
807 2884 917 2955 Patris¹
938 2880 982 2955 ad
1002 2885 1132 2958 Filium

209 3005 212 3009 ’
244 2986 388 3077 dicens:
418 3007 499 3068 Ante
520 3007 681 3094 luciferum
698 3013 791 3085 genui
815 3022 854 3072 te'.
912 3011 958 3071 Tu
985 3011 1133 3090 essncer-

207 3161 208 3164 =
244 3117 299 3186 dos
325 3127 357 3186 in
384 3136 540 3202 eternum,
556 3115 726 3204 secundnm
749 3129 883 3190 ordinem
901 3125 1131 3192 Melchisedech.

245 3233 319 3324 Qui
347 3234 470 3337 utique
501 3233 593 3306 ordo
620 3234 678 3307 hic
712 3253 763 3307 est
792 3235 835 3307 de
870 3229 1041 3308 sacrificio
1068 3237 1130 3308 illo

243 3335 411 3435 leniens,
448 3370 482 3421 et
509 3350 591 3422 inde
623 3345 867 3438 descendens,
903 3351 1004 3446 quod
1032 3348 1131 3426 Mel-

244 3455 433 3538 chisedech
462 3450 624 3538 sacerdos
652 3457 726 3539 Dei
752 3463 877 3539 summi
904 3471 992 3555 suit,-
1029 3471 1133 3565 quod

194 3567 196 3570 Α
238 3604 374 3685 panem
395 3602 429 3652 et
445 3572 567 3653 vinum
587 3585 732 3671 obtulit,
752 3580 851 3682 quod
870 3581 1053 3659 Abraham
1072 3588 1134 3660 be·

244 3698 391 3773 nedixit,
432 3698 525 3770 Nam
547 3696 608 3797 qul
630 3703 739 3798 magis
761 3696 922 3776 sacerdos
944 3703 1017 3776 Dei
1041 3707 1133 3777 sum·

245 3813 311 3902 mi,
343 3836 446 3911 quam
471 3815 651 3891 Dominus¹
676 3841 795 3892 noster
817 3823 915 3891 Jesus'
936 3815 1132 3894 Christus?

250 3936 323 4031 Qui
341 3932 546 4014 sacrificium
565 3935 650 4009 Deo
665 3938 760 4010 Patri
777 3938 925 4027 obtulit,
946 3952 981 4013 et
997 3939 1133 4014 obtulit
