2474 4568
499 283 829 331 τῇ,
888 304 896 319 ,

252 311 279 372 4
341 261 344 268 =
453 316 457 325 .

110 442 225 502 ersus
253 454 421 534 possent,
462 412 660 531 periculum
696 435 841 531 quidem
871 435 1141 540 praetendentes

118 563 216 616 cvttl.
253 555 300 626 ab'
325 552 482 624 Herode.
547 553 615 624 Sed
641 577 715 624 vox
744 549 895 640 ἐντεῦθεν,
923 580 1004 650 quae
1028 554 1166 641 hnbe·⁴

95 681 236 739 vv*
252 693 307 744 tur
331 671 367 740 in
396 689 497 741 textu
529 668 691 765 originali
715 669 832 742 innuit
858 698 920 743 eos
941 672 1146 767 indigenos.

248 789 355 862 luisse
386 786 541 886 Galilaeae
571 787 733 871 Herodis*
753 787 923 859 subditos.
990 789 1051 861 Ex
1080 816 1136 862 re·

248 905 446 1003 sponsione
478 930 587 1000 porro
621 905 754 976 Christi
781 904 958 998 colligitur
986 906 1136 980 submis-

248 1051 308 1096 sos
330 1049 391 1094 eos
411 1023 456 1093 ab
477 1021 634 1094 Herode.
686 1022 766 1094 Fuit
788 1023 845 1092 hic
867 1021 1136 1118 Antipaslilius

249 1139 405 1212 Herodis
433 1139 492 1210 Μ.
522 1138 584 1234 qui
609 1139 792 1211 Christum
822 1138 990 1210 infantem
1015 1134 1169 1236 perse-'-

250 1281 352 1344 outus
377 1283 508 1353 pueros
531 1258 567 1326 in
594 1255 802 1328 Bethlehem
828 1257 946 1327 occidi
967 1277 1136 1346 lusserat,

247 1374 427 1451 Messium
459 1371 670 1470 promissum
695 1399 813 1468 regem
837 1370 978 1452 veritus.
1028 1374 1133 1446 Idem

246 1492 339 1566 forte
371 1491 474 1562 timor
505 1517 551 1562 ex
581 1491 672 1562 fama
704 1492 749 1563 de
781 1489 951 1577 Christo,
989 1517 1029 1562 ac
1057 1493 1132 1563 eius

246 1608 423 1680 miraculis
447 1607 552 1679 etiam
577 1607 689 1679 filium
716 1605 840 1679 iterum
860 1607 1065 1694 incesserat,
1093 1626 1134 1679 ut

248 1745 395 1821 cuperet
425 1751 505 1796 eum
537 1724 669 1796 finibus
696 1724 764 1796 luis
791 1751 935 1811 arcere,
971 1725 1135 1798 nesciens

246 1867 397 1937 regnum
423 1839 555 1913 Christi
585 1867 659 1911 non
686 1866 761 1913 esse
795 1841 840 1914 de
867 1842 940 1914 hoc
969 1842 1134 1928 mundo,

239 1944 373 2054 'utpote
398 1958 457 2054 qui
481 1983 554 2029 non
578 1957 746 2044 haberet,
775 1958 836 2030 ubi
861 1977 968 2055 caput
988 1959 1136 2032 reclina·

244 2096 321 2161 ret,
358 2095 399 2146 ut
429 2075 512 2146 alibi
544 2075 681 2157 dixerat
710 2075 799 2147 Luc.
831 2076 899 2151 IX.
931 2087 989 2165 58.
1023 2087 1135 2166 Vulpes

139 2211 143 2219 '
235 2200 354 2283 fovens
373 2201 502 2278 hahent,
528 2214 559 2264 tt
580 2203 717 2264 volucres
737 2204 801 2263 coeli
823 2203 929 2264 nidos:
958 2202 1055 2263 Filius
1078 2222 1137 2262 ou·

179 3558 189 3599 Ι

245 2331 308 2382 tem
331 2319 463 2382 hominis
482 2338 541 2380 non
561 2318 653 2379 habet
677 2318 728 2379 uhi
750 2330 844 2398 caput
870 2319 1003 2381 reclinet.
1053 2307 1144 2382 Aut*

243 2428 337 2500 forte
371 2410 535 2509 Herodes
567 2451 691 2497 necem
727 2425 924 2498 intentabat
956 2424 1132 2512 Christo,

244 2544 341 2616 idem
364 2542 424 2614 fibi
450 2541 496 2613 ab
523 2552 586 2626 eu,
615 2541 716 2636 quod
740 2541 837 2637 prius
862 2541 1041 2616 aloanne
1063 2543 1135 2614 for·

244 2661 405 2744 midam,
434 2686 478 2729 ne
503 2658 531 2730 is
545 2660 665 2759 'palam
685 2658 844 2730 facinora
864 2659 924 2730 lua
945 2658 1133 2732 incessens

247 2778 344 2872 apud
364 2779 559 2872 populum,
579 2773 678 2846 cuius
694 2774 854 2847 favorem
872 2773 1133 2871 quovismodo

246 2895 379 2972 astutus
406 2892 576 2988 princeps
609 2891 832 2989 aucupabat,
860 2893 930 2985 suae
957 2890 1136 2989 existima·

243 3012 335 3084 tioni
362 3010 570 3083 detraheret.

319 3242 370 3315 At
397 3241 558 3316 Christus
586 3269 657 3317 una
682 3241 790 3340 vulpi.
811 3241 967 3329 Herodi,
996 3262 1031 3315 et
1052 3248 1132 3317 vul·

190 3455 193 3462 Ι
245 3362 351 3460 pibus
381 3354 565 3433 Pharisaeis
591 3363 809 3456 respondet,
846 3385 891 3430 ex
918 3351 1130 3434 neutrorum

232 3478 480 3552 ‘destinatione
512 3505 549 3550 se
579 3499 730 3550 mortem
759 3477 971 3574 propediem
998 3479 1130 3570 (uude

241 3624 318 3670 non
353 3617 464 3681 esset,
506 3595 605 3691 quod
636 3595 699 3666 fibi
727 3577 891 3668 Herodes
924 3621 945 3666 a
979 3594 1128 3668 Christo

137 3739 148 3801 j
242 3711 406 3800 timeret)
425 3712 619 3785 subiturum
635 3711 797 3813 quidem,
817 3713 877 3784 fed
894 3738 967 3783 non
983 3712 1018 3783 in
1031 3712 1130 3785 Gali·

160 3831 162 3835 ⁷
239 3823 325 3914 luta,
353 3831 414 3902 ubi
437 3829 602 3901 Herodes
628 3849 837 3924 potestatem
863 3829 945 3901 vitae
969 3849 1005 3900 et
1028 3830 1130 3903 necis

237 3949 416 4038 habebat,
454 3971 573 4044 neque
604 3945 866 4044 Hierosolymis
901 3946 1047 4045 praecise
1078 3949 1126 4020 ad
1168 3958 1171 3963 '
