2602 4696
371 290 610 348 ·“““““““
862 319 930 394 153

47 447 276 547 etiamnunc
306 464 358 518 est
379 472 527 540 regnum
554 444 695 522 Christi.
759 445 932 548 Alioquin
961 445 1076 510 ΟΜΝ

43 596 113 652 ¹nec
141 569 188 638 ad
212 569 317 637 altare
342 563 415 640 Dei
434 564 538 636 fieret
560 592 681 640 eorum
705 551 873 648 meritoria
895 569 931 640 in
955 567 1084 624 ΟΧΧῙΧ·

44 681 379 780 communicatione
404 680 561 776 corporis
586 682 717 756 Christi
740 689 839 758 etc.‘⁶
888 685 1091 782 Eeffl

41 805 162 898 paulo
190 817 301 896 poste,
327 796 533 889 „Quamvis
561 824 663 892 ergo,
691 801 825 894 pergit,
853 827 934 873 cum

41 920 115 990 luis
145 915 356 1013 corporibus
382 913 563 1000 nondum,
586 913 654 986 iam
675 905 789 987 tamen
812 943 936 990 eorum

43 1035 177 1106 animae
211 1053 361 1126 regnant
392 1058 472 1102 curn
507 1031 590 1116 iilo,
636 1033 719 1102 dum
755 1032 807 1103 isti
841 1033 936 1106 mille

43 1150 136 1243 anni
162 1150 364 1220 decurrunt.
417 1146 524 1218 Unde
547 1149 581 1218 in
605 1150 674 1219 hoc
694 1150 819 1221 eodem
841 1151 934 1222 libro

45 1287 80 1338 ct
113 1265 202 1338 alibi
229 1267 379 1360 legitur:
417 1275 544 1357 „Beati
568 1279 704 1352 mortui,
741 1279 848 1360 quiin
874 1277 938 1337 Do«

43 1398 134 1457 mino
168 1395 364 1467 moriuntur,
404 1410 424 1451 α
460 1393 550 1455 modo
582 1394 646 1452 iam
682 1393 758 1453 dicit
780 1392 934 1474 spiritns,

45 1524 81 1571 ιιι
104 1503 303 1592 requiescant
325 1506 612 1585 aloboribrrsfiris:
633 1527 814 1602 nam'opera
832 1527 936 1570 eorrrrn

35 1625 320 1709 “sequunturilloss
370 1614 517 1708 Regnat
539 1614 656 1709 itaque
685 1641 764 1686 cum
787 1614 934 1687 Christo
1011 1649 1043 1682 .·

46 1759 150 1804 nunc
178 1731 331 1828 primum
357 1731 515 1805 Ecclesia
540 1731 576 1800 in
602 1729 693 1803 vivis
717 1751 751 1803 et
776 1732 933 1804 mortuis,
1042 1738 1045 1750 ¹

48 1849 248 1946 Propterea
271 1848 382 1935 enim,
411 1828 499 1919 ficut
520 1848 605 1919 dicit
629 1853 833 1944 apostolus,
858 1878 938 1919 mor·

49 1988 121 2074 tuus
150 1987 197 2038 est
226 1977 360 2036 Christus
375 1984 390 2050 ,ἵ
412 1985 448 2035 ut
469 1986 500 2035 ct
521 1952 667 2038 vinorum
691 1989 720 2040 et
745 1989 936 2038 mortuorum

53 2094 237 2160 dominetur,
297 2081 366 2152 Sed
388 2065 489 2152 'ideo
525 2075 775 2164 tantummodo
812 2105 939 2178 marty-

52 2225 132 2270 rum
160 2198 293 2270 animas
317 2196 631 2282 commemoravit,
660 2196 743 2292 quia
767 2197 833 2292 ipsi
855 2222 939 2293 prze-
1017 2177 1021 2188 ⁵

52 2317 160 2410 cipue
188 2334 337 2410 regnant
359 2313 511 2400 mortui,
549 2313 610 2408 qui
637 2339 750 2408 usque
777 2314 822 2384 ad
849 2338 941 2383 mor·

54 2443 227 2529 tem'pro
252 2432 398 2506 veritate
425 2451 668 2516 certaverunt3
704 2431 765 2502 sed
792 2448 939 2524 aparte
996 2472 1001 2485 .

53 2552 98 2620 ad
133 2570 247 2620 totum
278 2548 380 2620 etiarn
413 2569 558 2620 caeteros
590 2567 750 2619 mortuos
779 2544 940 2642 intelligi·

53 2693 157 2754 mus,
191 2665 409 2763 pertinentes
438 2666 482 2738 a'd
507 2663 728 2750 Ecclesiam,
756 2647 855 2760 quod
888 2683 941 2737 est

56 2808 209 2882 regnum
244 2771 385 2854 Christi.
401 2786 423 2820 “
504 2781 536 2854 S.
569 2781 771 2882 Cyprianus
802 2782 847 2854 de
882 2808 942 2853 ex·

55 2901 260 2982 hortatione
280 2899 434 2996 martyrii
454 2927 493 2972 ns
513 2925 566 2982 η,
587 2887 623 2970 in
647 2901 797 2972 eundern
818 2903 941 2971 locum

58 3017 179 3114 Apoc.
205 3019 294 3088 XX.
316 3043 351 3104 4.
379 3043 402 3102 „¹
416 3017 508 3089 Cum
537 3016 673 3114 primo,
702 3016 768 3102 ait,
798 3016 832 3087 io
856 3020 940 3088 loco

57 3137 236 3232 posuisset
267 3135 426 3219 occisos,
463 3133 599 3205 addidit
629 3135 771 3206 dicens:
810 3143 944 3224 Etrqui·

58 3282 178 3345 cunque
209 3265 371 3349 imaginem
402 3264 498 3321 berria
532 3277 591 3318 non
623 3261 856 3331 odoraverunt,
891 3276 943 3320 nec

58 3343 487 3461 acceperuntinscriptionem
510 3377 541 3435 in
552 3374 683 3452 fronte,
712 3385 770 3432 ortt
793 3377 823 3434 in
848 3393 943 3464 manre

47 3497 140 3575 fita:
176 3483 489 3581 quos'universos
518 3509 536 3554 a
569 3508 605 3553 se
637 3482 672 3551 in
704 3481 831 3553 eodem
859 3485 941 3555 loco

58 3606 161 3677 fimul
182 3604 280 3676 visos
305 3601 508 3696 coniungit,
534 3621 568 3672 et
589 3599 692 3671 dicit:
721 3609 761 3668 Er
778 3614 942 3686 vixerunt,

58 3745 90 3794 et
117 3741 323 3806 regnaverunt
351 3747 419 3788 cum
449 3729 576 3788 Christo.
651 3716 784 3788 Vivere
818 3741 943 3800 omnes

60 3838 172 3923 dicit,
210 3856 244 3908 et
274 3861 420 3930 regnare
452 3860 531 3904 cum
563 3831 729 3918 Christ0,
767 3860 840 3905 non
870 3854 943 3904 tan·

60 3977 162 4044 turn,
190 3952 253 4052 qui
280 3952 387 4026 occisi
413 3951 561 4038 fuerint,
587 3951 648 4022 [ed
666 3969 710 4045 ‚et
736 3951 941 4051 quicunque
