2474 4568
264 289 334 354 ¹40
583 259 816 291 ''⁸¹¹¹''

16 478 22 484 ,
113 415 228 479 Ct'tut
259 400 347 499 latai
371 439 454 487 ecce
474 412 639 497 contrita,
661 435 742 484 ecce
762 407 949 504 gemitibus
968 433 1137 507 oppressa

29 618 31 623 Ι
105 540 232 596 mlx·
258 535 353 620 estf‘
422 532 561 625 Integra
586 530 621 599 in
647 529 717 598 hoc
743 547 952 619 argumento
978 548 1136 598 versatur

39 676 40 681 ¹
100 649 317 719 thib.
346 649 372 718 Ι.
397 647 493 720 hom.
522 646 547 716 l.
572 647 608 715 in
633 643 825 738 Evangelia
851 642 887 713 in
917 643 1005 714 Luc.
1029 642 1138 713 XXI.

256 790 332 858 quo
357 763 561 834 vaticinium
585 761 716 832 Christi
739 762 783 832 de
807 760 946 831 excidio
972 758 1138 832 Hleroso·

257 880 433 976 lymitanae
465 878 561 949 srrnul
597 878 691 951 urbis
728 896 762 948 et
793 876 888 948 orbis
910 875 1135 948 continetur.

198 1064 201 1071 ,
257 994 676 1090 ,,Αρ[)τορὶηᾳυαηῑειη,
704 992 816 1087 inquit
842 990 901 1080 a),
927 993 1001 1064 eius
1024 992 1136 1064 termi-

256 1139 344 1183 num
377 1134 515 1206 quanta·
547 1099 790 1206 percussiones
821 1112 1061 1205 praeveniant,
1089 1109 1139 1179 in·

224 1298 231 1312 ,
256 1228 434 1312 notescit3
462 1248 501 1298 ut
526 1229 553 1298 si
578 1226 699 1298 Deum
724 1244 879 1297 metuere
909 1223 944 1295 in
972 1224 1140 1320 tranquil·

255 1344 353 1414 litate
377 1369 450 1413 non
470 1347 654 1428 volumus,
680 1340 834 1413 vicinum
860 1341 933 1413 eius
952 1341 1139 1428 iudicium,

255 1463 313 1531 vel
329 1460 632 1554 persecutionibus
647 1459 750 1530 attriti
767 1459 984 1542 timeamus.“
1001 1457 1137 1535 Postea

212 1591 221 1600 '
255 1577 367 1647 allatis
395 1577 616 1671 evangelistae
642 1576 783 1660 verbis,
811 1573 1064 1671 applicatisque
1090 1576 1136 1647 ad

253 1693 397 1764 luorum
426 1713 625 1789 temporum
651 1693 880 1765 calamitates:
916 1692 1055 1788 „Signa
1079 1718 1137 1764 ve·

253 1835 319 1892 ro,
348 1810 485 1904 pergit,
513 1811 546 1879 in
577 1811 673 1895 sole,
702 1831 737 1881 et
762 1813 867 1895 luna,
897 1829 931 1880 et
952 1809 1056 1881 stellis
1079 1809 1137 1880 ad·

252 1925 324 1996 hnc
355 1947 476 2020 aperte
507 1927 650 1998 minime
680 1927 865 2020 videmus,
900 1925 961 1996 led
992 1925 1075 2020 quia
1103 1943 1137 1997 et

252 2039 330 2112 haec
345 2069 429 2114 -non
453 2046 560 2136 longe
586 2044 670 2129 smt,
699 2069 743 2114 ex
767 2042 845 2138 ipsa
867 2042 933 2112 iam
961 2043 1050 2114 a'e'ris
1074 2042 1137 2111 im·

253 2158 451 2230 mutatione
475 2159 681 2252 colligimus.
734 2159 907 2251 Quamvis
930 2159 1136 2254 priusquam

160 2345 166 2359 ,
253 2271 351 2345 ltalia
375 2276 495 2370 gentili
521 2276 640 2369 gladio
662 2274 818 2347 ferienda
845 2276 1060 2361 traderetur,
1089 2275 1137 2370 ig-

252 2418 336 2464 neas
369 2393 403 2461 in
437 2395 527 2466 coelo
551 2373 648 2462 'acies
679 2392 856 2479 vidimus,
894 2393 1035 2488 ipsum,
1072 2391 1136 2486 qui

251 2530 377 2603 postea
399 2508 542 2578 humani
567 2508 706 2603 generis
732 2510 828 2582 lusus
854 2530 906 2580 est
926 2508 1136 2604 sanguinem

191 2638 193 2643 ’
251 2608 505 2700 coruscantem.
586 2625 763 2699 Confusio
801 2649 917 2698 autem
957 2625 1060 2697 maris
1102 2644 1137 2697 et

250 2742 423 2812 fluctuum
458 2741 610 2811 necdum
642 2766 737 2812 nova
771 2763 893 2814 exorta
924 2763 985 2814 est.
1063 2741 1134 2812 Sed

252 2885 332 2928 cum
360 2859 470 2927 multa
495 2846 727 2951 praenuntiata
751 2858 818 2930 iam
845 2863 1023 2956 completa
1046 2859 1132 2945 sint,

252 2973 399 3044 dubium
441 3000 515 3045 non
555 2993 637 3060 est„
678 2976 764 3071 quin
799 2974 1138 3071 sequanturetiam

251 3116 384 3186 panca,
405 3113 483 3184 qum
504 3111 652 3164 restant:
675 3093 757 3188 quia
777 3084 993 3189 liquentium
1014 3119 1131 3163 rerum

213 3202 216 3207 ’
251 3207 425 3279 certitudo
445 3225 498 3280 est
516 3210 764 3303 praeteritarum
787 3211 970 3282 exhibitio.
982 3213 1003 3250 “
1055 3205 1133 3280 No·

250 3324 364 3399 tabilis
393 3326 593 3419 cumprimis
621 3347 673 3398 est
701 3327 737 3396 in
764 3328 855 3398 hanc
883 3354 956 3398 rem
987 3327 1019 3404 S.
1044 3325 1133 3398 Gre-

250 3440 341 3533 gorii
363 3443 464 3512 locus
487 3441 547 3511 lib.
567 3443 633 3513 XI.
655 3443 748 3538 Reg.
767 3442 867 3539 epist.
888 3449 945 3514 66.
966 3443 1010 3515 ad
1034 3443 1132 3515 Edil·

241 3554 387 3630 'bertum
411 3583 529 3652 regem
551 3540 772 3654 Anglorum:
801 3559 1026 3648 ‚,Praeterea‚
1051 3559 1132 3632 feri·

247 3673 323 3758 bit,
351 3674 437 3745 scire
462 3695 613 3746 vestram
645 3678 794 3772 gloriam
821 3681 1012 3763 volumus,
1044 3677 1130 3773 quia

243 3791 333 3863 sicut
361 3790 397 3861 in
428 3790 597 3886 scriptura
622 3795 716 3869 lacra
747 3822 792 3868 ex
822 3795 941 3870 verbis
971 3793 1127 3870 Domini

278 3934 309 4007 a)
332 3940 363 3995 T.
383 3939 409 3994 I.
426 3951 453 4008 p.
476 3944 552 4008 1436.
572 3951 619 3997 ete.
