2604 4696
703 363 962 397 w·

236 485 351 549 ΟΜΝ
382 516 456 564 non
484 507 614 563 temere
643 489 821 586 speratur,
855 486 946 584 quia
980 511 1066 560 non
1098 513 1141 558 rn
1172 511 1277 616 perpr

221 585 360 664 CXXVH·
379 621 499 693 tuum,
537 607 598 680 ied
629 606 746 678 donec
780 624 947 705 tempora
986 605 1200 678 nationum
1241 604 1277 674 in

156 785 159 796 .
226 721 568 822 “Wpleantun
617 722 667 793 ira
710 722 925 818 premendus
978 747 1068 795 esse
1117 741 1277 794 narratur

285 880 287 883 ·
380 841 481 933 Quid
501 859 616 915 autem
636 837 786 935 impletis
810 838 1013 918 nationum,
1034 837 1277 938 temporibus

380 959 415 1030 et
442 958 486 1028 sic
510 954 608 1027 omni
632 956 734 1054 lsrael
760 956 892 1029 salvato
915 955 1129 1052 sequatur,
1163 953 1277 1026 Domi

380 1101 447 1146 nus
478 1097 523 1144 ex
554 1072 678 1146 ordine
711 1071 917 1146 manifestat.
997 1070 1109 1142 Nam
1145 1091 1188 1142 et
1223 1071 1277 1141 hor

379 1189 571 1267 fecundum
609 1189 825 1263 Matthaeum
862 1185 1039 1284 discipuli
1086 1187 1277 1281 interroga

378 1306 485 1392 bant,
513 1331 585 1376 non
608 1303 721 1380 solum
743 1304 864 1404 templi
889 1304 1095 1379 evertendi
1122 1326 1277 1401 tempus

377 1422 438 1494 sed
470 1442 504 1493 et
535 1421 867 1518 signumadventus
894 1420 998 1507 eius,
1042 1441 1083 1495 et
1117 1446 1277 1496 consum

378 1539 543 1610 suasionis
573 1537 689 1620 s'aeculi
720 1538 941 1633 quaereildo:
984 1547 1034 1610 Et
1070 1561 1170 1610 erunt
1194 1543 1277 1624 figur

378 1666 410 1724 iu
418 1664 485 1742 stile
501 1679 531 1727 et
546 1641 620 1730 iunci
635 1657 715 1728 etc.“
764 1652 935 1754 Apertius
947 1654 1128 1750 loquitur
1143 1653 1277 1726 March.

379 1771 523 1842 XXIV.
553 1797 610 1865 29.
641 1791 706 1843 etc.
744 1769 905 1845 Christus
917 1757 932 1857 ,’
963 1791 1003 1844 et
1040 1772 1177 1845 iisdem
1208 1771 1277 1841 fere

378 1889 495 1957 verbis
522 1889 615 1985 apud
644 1889 813 1964 Marcum
839 1907 873 1959 et
894 1875 1064 1975 [ucam3
1095 1887 1198 1986 apud
1222 1885 1275 1957 Jo-

377 2029 504 2076 annem
527 2031 614 2078 vero
634 2003 669 2080 iu
689 2004 913 2102 Apocalypsi
930 2004 1087 2078 historia
1108 2005 1272 2102 quaedam

376 2122 585 2218 prophetica
613 2107 779 2194 Ecclesiae
804 2121 934 2195 texitur
959 2148 1083 2218 usque
1116 2123 1164 2193 ad
1192 2143 1270 2191 cou-

377 2238 647 2310 summationem
685 2239 827 2316 faeiculi:
869 2265 981 2336 eaque
1021 2239 1153 2312 veluti
1180 2237 1266 2309 libro

376 2376 501 2450 aperto
539 2357 743 2450 septemque
783 2354 900 2450 sigillis
938 2355 1068 2427 solutis
1112 2356 1262 2428 loannes

377 2473 531 2558 evolvit,
559 2498 636 2572 quae
651 2471 784 2568 ‘paucis
809 2472 844 2546 iu
868 2472 1075 2567 Evangelio
1104 2471 1262 2544 Christus

374 2589 557 2685 discipulis
592 2591 743 2686 exponit
778 2590 822 2661 de
851 2589 1164 2684 periculosissimis
1186 2581 1262 2656 ‘illis

373 2730 414 2775 ac
448 2705 674 2780 horribilibus
709 2707 895 2801 postremis
928 2707 1158 2803 temporibus
1193 2698 1253 2787 al:

378 2829 444 2890 Erit
467 2814 545 2893 enini
567 2843 638 2894 tuuc
659 2831 820 2894 tribulatio
840 2849 969 2910 magna,
995 2835 1103 2914 pirolis
1121 2827 1255 2908 nonfuit

278 2991 282 2995 -
373 2945 413 3010 ab
437 2947 527 3006 initio
556 2946 662 3010 muudi
689 2963 783 3028 usque
811 2949 924 3025 modo,
960 2966 1057 3030 neque
1083 2949 1155 3026 fiet.
1213 2940 1250 3001 El

372 3065 432 3123 uisi
460 3063 594 3128 breviati
611 3063 749 3140 fuissent
774 3064 837 3126 dies
869 3063 916 3124 illi
928 3047 942 3141 ‚'
973 3083 1032 3127 uon
1053 3058 1248 3142 fieretsalva

371 3183 468 3243 omnis
491 3197 587 3242 curo:
602 3177 664 3261 seri
673 3192 806 3261 propter
825 3182 932 3248 eiectos
948 3181 1172 3246 breviabuntur
1189 3175 1247 3238 dics

281 3297 284 3306 '
370 3297 427 3358 iiii.
496 3295 578 3360 Tunc
605 3299 632 3358 si
659 3300 728 3380 quis
749 3298 837 3361 uobis
862 3299 1001 3366 dixerit:
1028 3301 1107 3362 Ecce
1130 3298 1178 3356 iric
1203 3295 1243 3350 esi

375 3413 529 3488 arsisius,
569 3423 628 3473 unt
656 3414 740 3478 illic:
777 3415 869 3478 nolite
895 3419 1021 3476 credere.
1087 3405 1178 3497 Quae
1208 3393 1241 3465 ln

369 3518 478 3592 verba
516 3518 546 3589 S.
581 3517 635 3592 lo.
671 3519 975 3617 Chrysostomus:
1020 3511 1237 3608 ‚,1110s,in·

369 3637 446 3731 quit
469 3633 531 3723 ἰὼ
566 3660 586 3706 a
618 3637 700 3706 loco
730 3636 902 3714 cautiores
931 3638 1064 3726 reddit,
1100 3621 1235 3709 secundi

369 3753 419 3826 sui
440 3753 614 3824 adventus
637 3771 738 3826 notas
762 3755 924 3851 proprias
945 3780 1147 3839 recensens,
1173 3763 1232 3818 nec

401 3932 432 4004 a)
451 3935 552 3990 Marri.
574 3935 720 3991 XXIV.
708 3951 750 3991 2.1
770 3946 818 3991 etc.
886 3932 923 4018 lr)
934 3937 1013 3994 Hom.
1035 3927 1187 3994 XXXVII·
1204 3923 1228 3976 ln

432 4005 533 4062 Martis
553 4021 614 4062 ruz
617 4008 680 4062 T.
703 4005 770 4062 VII.
787 4022 814 4078 p.
834 4019 894 4076 734.
914 3993 962 4066 ite.
