2474 4568
257 272 331 365 aas
451 293 457 310 ·
560 258 853 319 ἘΞ-

117 402 499 514 GW‘testimonium
517 407 688 519 ueritatis.
703 422 732 478 ἕ
792 414 947 493 Praeci'se·
967 417 1001 491 S.
1024 415 1134 517 Opta.

99 526 574 706 w·tus92s¹·tv1ilevinnus
599 535 957 612 contraDonatistas
984 536 1134 665 praescri.
1172 588 1174 595 ·

99 640 347 744 b.it,
357 708 379 743 „
390 642 581 754 probatum
600 674 673 740 est,
694 680 761 731 nos
783 680 879 751 esse,
901 653 1068 750 inquiens
1086 648 1140 743 a)

254 776 294 847 in
321 773 471 846 eeclesia
494 775 611 845 sancta
636 771 830 859 catholica,
845 767 955 868 apud
984 796 1077 866 quos
1100 786 1130 842 et
1170 796 1174 921 p

252 889 453 988 symbolum
462 889 648 962 Trinitatis
661 908 728 976 est,
744 909 779 960 et
787 915 851 986 per
860 889 1066 962 cathedram
1075 885 1174 960 Pe-

252 1009 317 1095 tri,
336 1033 413 1103 quae
427 1027 545 1097 nostra
558 1026 609 1080 est
616 1033 705 1136 ‚per
719 1006 832 1103 ipsam
844 1026 878 1083 et
890 1004 1032 1078 caeteras
1042 992 1130 1132 apud
1144 1059 1147 1068 .
1171 1002 1174 1083 ἕ

253 1151 323 1197 nos
338 1151 438 1197 esse
426 1128 448 1162 “
476 1123 531 1197 Sic
549 1123 729 1220 passimS.
748 1121 970 1242 Augustinus
985 1120 1130 1218 praescri·

254 1206 337 1314 hit
335 1268 402 1337 pro
426 1241 574 1337 veritate
600 1240 783 1314 catholica
801 1261 925 1333 contra
950 1238 1131 1316 haereticos
1171 1266 1174 1339 r

255 1379 292 1429 et
307 1333 543 1429 schismaticos
564 1384 630 1454 pro
650 1358 782 1431 unitate
802 1356 976 1442 ecclesiae,
1007 1356 1055 1445 de
1070 1379 1130 1451 qua
1172 1399 1174 1449 ;

251 1475 360 1548 'etiam
387 1475 594 1569 singularem
619 1474 749 1546 librum
777 1495 899 1546 contra
927 1472 1130 1545 Donatistas
1172 1453 1174 1537 i

253 1591 399 1687 scripsit.
441 1590 473 1663 St
493 1589 735 1687 Hieronymus
754 1612 877 1662 contra
895 1589 1129 1662 Luciferianos
1165 1650 1168 1655 .

254 1709 286 1778 8.
313 1707 534 1804 Cyprianum
554 1734 600 1780 eo
625 1708 740 1803 capite
755 1708 792 1779 in
815 1734 920 1780 causa
942 1705 1127 1803 rebaptiza-

254 1824 362 1896 tionis
388 1843 556 1916 exeusat,
594 1824 693 1918 quod
727 1849 769 1896 ea
798 1853 872 1898 non
902 1825 1071 1897 obstante
1097 1820 1127 1909 in

253 1940 390 2017 unione
415 1940 741 2036 communioneque
764 1967 844 2014 cum
867 1942 1035 2013 Romana
1055 1938 1126 2011 sede

253 2057 546 2154 perseveraverit
596 2058 645 2151 Et
663 2057 699 2130 in
723 2085 827 2158 causa
843 2058 1036 2131 schismatis
1055 2055 1128 2128 Me·

255 2174 444 2269 letianiad
461 2175 658 2249 Damasum
676 2176 714 2248 P.
732 2176 779 2247 R.
801 2175 979 2248 scribens:
1006 2174 1127 2268 „Ego²

253 2294 373 2388 inquit
389 2290 446 2380 b),
474 2296 608 2363 nullum
629 2292 781 2388 primum
803 2293 870 2363 nisi
888 2281 1071 2383 Christum
1088 2290 1132 2360 se-

253 2435 371 2504 quens
403 2409 613 2482 beatitudini
644 2427 735 2496 tuac,
784 2408 822 2480 id
851 2429 919 2499 est,
960 2407 1127 2480 cathedrae

241 2525 351 2596 -Petri
380 2526 635 2599 communione
663 2526 870 2604 consocior:
907 2527 1012 2622 super
1041 2526 1129 2596 illam
1167 2518 1169 2527 ¹

253 2628 393 2739 petrani
420 2644 626 2716 aedificatam
649 2645 832 2716 ecclesiam
857 2642 954 2727 scio,
979 2641 1133 2737 quicum·
1172 2728 1174 2737 Ι

253 2784 326 2852 que
352 2778 451 2830 extra
472 2760 563 2831 hanc
586 2761 735 2830 domum
761 2785 893 2854 agnum
917 2759 1128 2857 comederit,

252 2875 424 2972 profanus
447 2895 507 2949 est
559 2875 594 2946 Si
611 2876 688 2970 quis
708 2876 744 2947 in
765 2902 843 2947 arca
864 2875 948 2946 Noe
970 2870 1046 2946 nosn
1063 2877 1129 2948 sue..

251 2992 320 3077 rit,
347 2991 490 3087 peribit·
507 3013 679 3086 regnante
708 2992 855 3067 diluvio,
872 2996 894 3054 “2
961 2993 1130 3067 Efficaces

149 3093 168 3110 ⁰
254 3108 388 3181 Christi
405 3134 474 3206 pro
491 3106 676 3207 Apostosis
694 3137 838 3207 preces,
873 3133 908 3182 ut
925 3117 991 3197 fiat
1020 3140 1128 3199 unum,

251 3245 289 3313 et
316 3213 385 3322 pio
411 3254 534 3324 eorum
558 3230 818 3303 successorihus
847 3228 883 3313 in
912 3228 1129 3308 communio·

251 3369 298 3413 ne
323 3344 413 3414 sedis
437 3346 660 3439 apostoticae,
689 3347 734 3417 de
761 3344 882 3417 divina
905 3344 1129 3440 providentia

250 3458 290 3553 in
305 3461 553 3532 conservanda
566 3460 713 3531 ecclesia
726 3465 787 3555 sua
801 3461 962 3533 dubitare
975 3489 1041 3537 nos
1057 3485 1127 3532 non

248 3577 386 3671 smum,
406 3577 507 3670 quod
524 3576 689 3670 singulari
708 3577 800 3650 libro
819 3581 1009 3674 ostendere
1028 3603 1128 3650 cona·

248 3713 303 3785 tus
321 3693 396 3762 sum
414 3703 453 3765 de,
468 3705 674 3769 comnmnione
684 3710 853 3785 potestatis
871 3708 1074 3769 ecclesiastica
1087 3707 1129 3771 inf

248 3834 295 3885 ter
294 3819 435 3900 summos
446 3824 570 3888 ecclesia
579 3836 732 3913 pastores,
736 3823 912 3903 pontificem
922 3836 952 3886 et
963 3827 1125 3906 episcopos.

282 3952 453 4051 91³⁶le
472 3976 498 4013 n.
518 3973 545 4031 9,Ι
613 3957 645 4051 a)
663 3961 747 4031 apat.
769 3973 811 4052 ις.
