<?xml version="1.0" encoding="UTF-8"?>
<!DOCTYPE html PUBLIC "-//W3C//DTD XHTML 1.0 Transitional//EN"
    "http://www.w3.org/TR/xhtml1/DTD/xhtml1-transitional.dtd">
<html xmlns="http://www.w3.org/1999/xhtml" xml:lang="en" lang="en">
 <head>
  <title>
</title>
<meta http-equiv="Content-Type" content="text/html;charset=utf-8" />
  <meta name='ocr-system' content='tesseract 3.04.00' />
  <meta name='ocr-capabilities' content='ocr_page ocr_carea ocr_par ocr_line ocrx_word'/>
</head>
<body>
  <div class='ocr_page' id='page_1' title='image "./desublimiinevan03gerbgoog_0021.png"; bbox 0 0 2474 4568; ppageno 0'>
   <div class='ocr_carea' id='block_1_1' title="bbox 252 295 803 379">
    <p class='ocr_par' dir='ltr' id='par_1_1' title="bbox 252 295 803 379">
     <span class='ocr_line' id='line_1_1' title="bbox 252 295 803 379; baseline 0.005 -3"><span class='ocrx_word' id='word_1_1' title='bbox 252 327 296 377; x_wconf 81' lang='lat'>12</span> <span class='ocrx_word' id='word_1_2' title='bbox 571 295 803 379; x_wconf 87' lang='grc'><strong>“-“-’-““”-.-“</strong></span> 
     </span>
    </p>
   </div>
   <div class='ocr_carea' id='block_1_2' title="bbox 28 427 1130 2076">
    <p class='ocr_par' dir='ltr' id='par_1_2' title="bbox 28 427 1129 901">
     <span class='ocr_line' id='line_1_2' title="bbox 28 427 1128 545; baseline 0.005 -19"><span class='ocrx_word' id='word_1_3' title='bbox 28 427 45 454; x_wconf 33' lang='grc' dir='ltr'>χ</span> <span class='ocrx_word' id='word_1_4' title='bbox 108 449 224 516; x_wconf 62' lang='lat' dir='ltr'>Um?</span> <span class='ocrx_word' id='word_1_5' title='bbox 250 442 352 526; x_wconf 91' lang='lat' dir='ltr'>dicit:</span> <span class='ocrx_word' id='word_1_6' title='bbox 383 458 533 540; x_wconf 70' lang='lat' dir='ltr'>Nesciti53</span> <span class='ocrx_word' id='word_1_7' title='bbox 560 438 637 545; x_wconf 84' lang='lat' dir='ltr'>quid</span> <span class='ocrx_word' id='word_1_8' title='bbox 655 466 785 544; x_wconf 82' lang='lat' dir='ltr'>petatis.</span> <span class='ocrx_word' id='word_1_9' title='bbox 835 453 890 528; x_wconf 92' lang='lat' dir='ltr'>Illi</span> <span class='ocrx_word' id='word_1_10' title='bbox 917 455 961 529; x_wconf 92' lang='lat' dir='ltr'>de</span> <span class='ocrx_word' id='word_1_11' title='bbox 983 474 1128 531; x_wconf 89' lang='lat' dir='ltr'>terreno</span> 
     </span>
     <span class='ocr_line' id='line_1_3' title="bbox 136 571 1127 669; baseline 0.002 -25"><span class='ocrx_word' id='word_1_12' title='bbox 136 577 194 634; x_wconf 77' lang='lat' dir='ltr'>CX·</span> <span class='ocrx_word' id='word_1_13' title='bbox 250 591 386 644; x_wconf 89' lang='lat' dir='ltr'>tantum</span> <span class='ocrx_word' id='word_1_14' title='bbox 407 597 542 665; x_wconf 82' lang='lat' dir='ltr'>regno,</span> <span class='ocrx_word' id='word_1_15' title='bbox 571 571 729 657; x_wconf 91' lang='lat' dir='ltr'>honore,</span> <span class='ocrx_word' id='word_1_16' title='bbox 758 591 791 643; x_wconf 91' lang='lat' dir='ltr'>et</span> <span class='ocrx_word' id='word_1_17' title='bbox 812 572 923 668; x_wconf 86' lang='lat' dir='ltr'>gloria</span> <span class='ocrx_word' id='word_1_18' title='bbox 951 596 1127 669; x_wconf 75' lang='lat' dir='ltr'>cogitant,</span> 
     </span>
     <span class='ocr_line' id='line_1_4' title="bbox 94 686 1129 786; baseline 0.003 -28"><span class='ocrx_word' id='word_1_19' title='bbox 94 688 360 786; x_wconf 65' lang='lat' dir='ltr'>vvvignari</span> <span class='ocrx_word' id='word_1_20' title='bbox 384 690 500 780; x_wconf 84' lang='lat' dir='ltr'>adhuc</span> <span class='ocrx_word' id='word_1_21' title='bbox 524 686 675 759; x_wconf 89' lang='lat' dir='ltr'>coelestis</span> <span class='ocrx_word' id='word_1_22' title='bbox 697 689 796 783; x_wconf 80' lang='lat' dir='ltr'>regni</span> <span class='ocrx_word' id='word_1_23' title='bbox 820 710 1029 783; x_wconf 78' lang='lat' dir='ltr'>aeternaeque</span> <span class='ocrx_word' id='word_1_24' title='bbox 1053 695 1129 786; x_wconf 83' lang='lat' dir='ltr'>glo·</span> 
     </span>
     <span class='ocr_line' id='line_1_5' title="bbox 247 805 1128 901; baseline 0.003 -21"><span class='ocrx_word' id='word_1_25' title='bbox 247 809 327 896; x_wconf 83' lang='lat' dir='ltr'>riae,</span> <span class='ocrx_word' id='word_1_26' title='bbox 349 831 428 901; x_wconf 87' lang='lat' dir='ltr'>quae</span> <span class='ocrx_word' id='word_1_27' title='bbox 446 832 507 876; x_wconf 88' lang='lat' dir='ltr'>eos</span> <span class='ocrx_word' id='word_1_28' title='bbox 524 806 731 900; x_wconf 82' lang='lat' dir='ltr'>sequantur,</span> <span class='ocrx_word' id='word_1_29' title='bbox 751 806 811 899; x_wconf 93' lang='lat' dir='ltr'>qui</span> <span class='ocrx_word' id='word_1_30' title='bbox 829 805 960 879; x_wconf 82' lang='lat' dir='ltr'>Christi</span> <span class='ocrx_word' id='word_1_31' title='bbox 982 809 1128 883; x_wconf 87' lang='lat' dir='ltr'>calicem</span> 
     </span>
    </p>

    <p class='ocr_par' dir='ltr' id='par_1_3' title="bbox 248 921 1130 1019">
     <span class='ocr_line' id='line_1_6' title="bbox 248 921 1130 1019; baseline -0.001 -21"><span class='ocrx_word' id='word_1_32' title='bbox 248 927 317 998; x_wconf 81' lang='lat' dir='ltr'>smt</span> <span class='ocrx_word' id='word_1_33' title='bbox 339 921 494 995; x_wconf 85' lang='lat' dir='ltr'>bibituri.</span> <span class='ocrx_word' id='word_1_34' title='bbox 560 921 663 994; x_wconf 92' lang='lat' dir='ltr'>Toto</span> <span class='ocrx_word' id='word_1_35' title='bbox 689 925 780 994; x_wconf 89' lang='lat' dir='ltr'>coelo</span> <span class='ocrx_word' id='word_1_36' title='bbox 808 925 1130 1019; x_wconf 79' lang='lat' dir='ltr'>ergo·aberrabant</span> 
     </span>
    </p>

    <p class='ocr_par' dir='ltr' id='par_1_4' title="bbox 248 1038 1127 1137">
     <span class='ocr_line' id='line_1_7' title="bbox 248 1038 1127 1137; baseline 0 -23"><span class='ocrx_word' id='word_1_37' title='bbox 248 1043 286 1114; x_wconf 85' lang='lat' dir='ltr'>in</span> <span class='ocrx_word' id='word_1_38' title='bbox 311 1038 582 1137; x_wconf 72' lang='lat' dir='ltr'>impetitione,</span> <span class='ocrx_word' id='word_1_39' title='bbox 609 1042 721 1112; x_wconf 89' lang='lat' dir='ltr'>multo</span> <span class='ocrx_word' id='word_1_40' title='bbox 747 1039 880 1113; x_wconf 90' lang='lat' dir='ltr'>maiora</span> <span class='ocrx_word' id='word_1_41' title='bbox 904 1042 1127 1131; x_wconf 87' lang='lat' dir='ltr'>obtinentes,</span> 
     </span>
    </p>

    <p class='ocr_par' dir='ltr' id='par_1_5' title="bbox 251 1154 1127 1254">
     <span class='ocr_line' id='line_1_8' title="bbox 251 1154 1127 1254; baseline 0.002 -23"><span class='ocrx_word' id='word_1_42' title='bbox 251 1160 337 1231; x_wconf 91' lang='lat' dir='ltr'>dum</span> <span class='ocrx_word' id='word_1_43' title='bbox 353 1184 388 1230; x_wconf 89' lang='lat' dir='ltr'>se</span> <span class='ocrx_word' id='word_1_44' title='bbox 406 1155 549 1229; x_wconf 87' lang='lat' dir='ltr'>calicem</span> <span class='ocrx_word' id='word_1_45' title='bbox 564 1154 715 1228; x_wconf 87' lang='lat' dir='ltr'>Domini</span> <span class='ocrx_word' id='word_1_46' title='bbox 730 1157 851 1230; x_wconf 75' lang='lat' dir='ltr'>bibere</span> <span class='ocrx_word' id='word_1_47' title='bbox 867 1184 972 1254; x_wconf 91' lang='lat' dir='ltr'>posse</span> <span class='ocrx_word' id='word_1_48' title='bbox 992 1161 1127 1233; x_wconf 82' lang='lat' dir='ltr'>dicunt.</span> 
     </span>
    </p>

    <p class='ocr_par' dir='ltr' id='par_1_6' title="bbox 244 1273 1129 1489">
     <span class='ocr_line' id='line_1_9' title="bbox 250 1273 1127 1371; baseline -0.002 -23"><span class='ocrx_word' id='word_1_49' title='bbox 250 1326 274 1364; x_wconf 84' lang='lat'>„</span> <span class='ocrx_word' id='word_1_50' title='bbox 291 1277 350 1348; x_wconf 84' lang='lat' dir='ltr'>Ex</span> <span class='ocrx_word' id='word_1_51' title='bbox 380 1274 485 1346; x_wconf 92' lang='lat' dir='ltr'>animi</span> <span class='ocrx_word' id='word_1_52' title='bbox 517 1275 658 1346; x_wconf 78' lang='lat' dir='ltr'>fervore</span> <span class='ocrx_word' id='word_1_53' title='bbox 686 1273 798 1346; x_wconf 85' lang='lat' dir='ltr'>statim</span> <span class='ocrx_word' id='word_1_54' title='bbox 831 1276 1042 1371; x_wconf 88' lang='lat' dir='ltr'>promittunt</span> <span class='ocrx_word' id='word_1_55' title='bbox 1068 1280 1127 1365; x_wconf 85' lang='lat' dir='ltr'>a),</span> 
     </span>
     <span class='ocr_line' id='line_1_10' title="bbox 244 1390 1129 1489; baseline 0 -23"><span class='ocrx_word' id='word_1_56' title='bbox 244 1392 459 1477; x_wconf 85' lang='lat' dir='ltr'>nescientes,</span> <span class='ocrx_word' id='word_1_57' title='bbox 487 1390 574 1486; x_wconf 91' lang='lat' dir='ltr'>quid</span> <span class='ocrx_word' id='word_1_58' title='bbox 593 1391 750 1464; x_wconf 90' lang='lat' dir='ltr'>dicerent</span> <span class='ocrx_word' id='word_1_59' title='bbox 759 1449 776 1489; x_wconf 39' lang='grc' dir='ltr'>,Ι</span> <span class='ocrx_word' id='word_1_60' title='bbox 790 1394 850 1464; x_wconf 85' lang='lat' dir='ltr'>sed</span> <span class='ocrx_word' id='word_1_61' title='bbox 869 1415 1129 1489; x_wconf 80' lang='lat' dir='ltr'>exspectantes,</span> 
     </span>
    </p>

    <p class='ocr_par' dir='ltr' id='par_1_7' title="bbox 247 1507 1127 1606">
     <span class='ocr_line' id='line_1_11' title="bbox 247 1507 1127 1606; baseline -0.002 -22"><span class='ocrx_word' id='word_1_62' title='bbox 247 1538 286 1584; x_wconf 88' lang='lat' dir='ltr'>se</span> <span class='ocrx_word' id='word_1_63' title='bbox 305 1511 406 1606; x_wconf 92' lang='lat' dir='ltr'>quod</span> <span class='ocrx_word' id='word_1_64' title='bbox 429 1508 596 1604; x_wconf 88' lang='lat' dir='ltr'>petebant</span> <span class='ocrx_word' id='word_1_65' title='bbox 619 1507 867 1603; x_wconf 82' lang='lat' dir='ltr'>impetraturos</span> <span class='ocrx_word' id='word_1_66' title='bbox 887 1536 970 1582; x_wconf 87' lang='lat' dir='ltr'>esse.</span> <span class='ocrx_word' id='word_1_67' title='bbox 1026 1511 1127 1604; x_wconf 83' lang='lat' dir='ltr'>Quid</span> 
     </span>
    </p>

    <p class='ocr_par' dir='ltr' id='par_1_8' title="bbox 248 1624 1130 1725">
     <span class='ocr_line' id='line_1_12' title="bbox 248 1624 1130 1725; baseline -0.003 -25"><span class='ocrx_word' id='word_1_68' title='bbox 248 1624 356 1725; x_wconf 80' lang='lat' dir='ltr'>igitur</span> <span class='ocrx_word' id='word_1_69' title='bbox 370 1626 454 1698; x_wconf 83' lang='lat' dir='ltr'>ille?</span> <span class='ocrx_word' id='word_1_70' title='bbox 479 1636 605 1696; x_wconf 81' lang='lat' dir='ltr'>Calicem</span> <span class='ocrx_word' id='word_1_71' title='bbox 619 1637 739 1717; x_wconf 82' lang='lat' dir='ltr'>quidem</span> <span class='ocrx_word' id='word_1_72' title='bbox 753 1654 852 1699; x_wconf 83' lang='lat' dir='ltr'>meum</span> <span class='ocrx_word' id='word_1_73' title='bbox 868 1637 993 1712; x_wconf 86' lang='lat' dir='ltr'>bibetis,</span> <span class='ocrx_word' id='word_1_74' title='bbox 1011 1649 1042 1698; x_wconf 86' lang='lat' dir='ltr'>et</span> <span class='ocrx_word' id='word_1_75' title='bbox 1053 1641 1130 1718; x_wconf 84' lang='lat' dir='ltr'>bap·</span> 
     </span>
    </p>

    <p class='ocr_par' dir='ltr' id='par_1_9' title="bbox 171 1724 1130 2076">
     <span class='ocr_line' id='line_1_13' title="bbox 171 1724 1130 1839; baseline -0.001 -23"><span class='ocrx_word' id='word_1_76' title='bbox 171 1786 173 1790; x_wconf 95' lang='lat'>·</span> <span class='ocrx_word' id='word_1_77' title='bbox 248 1758 375 1816; x_wconf 83' lang='lat' dir='ltr'>tismate</span> <span class='ocrx_word' id='word_1_78' title='bbox 388 1724 448 1835; x_wconf 67' lang='lat' dir='ltr'>riuo</span> <span class='ocrx_word' id='word_1_79' title='bbox 461 1771 514 1828; x_wconf 81' lang='lat' dir='ltr'>ego</span> <span class='ocrx_word' id='word_1_80' title='bbox 530 1751 691 1831; x_wconf 79' lang='lat' dir='ltr'>baptizor,</span> <span class='ocrx_word' id='word_1_81' title='bbox 710 1753 955 1833; x_wconf 83' lang='lat' dir='ltr'>baptizabimini.</span> <span class='ocrx_word' id='word_1_82' title='bbox 985 1744 1130 1839; x_wconf 77' lang='lat' dir='ltr'>Magna</span> 
     </span>
     <span class='ocr_line' id='line_1_14' title="bbox 249 1857 1129 1957; baseline 0 -24"><span class='ocrx_word' id='word_1_83' title='bbox 249 1861 318 1933; x_wconf 87' lang='lat' dir='ltr'>illis</span> <span class='ocrx_word' id='word_1_84' title='bbox 345 1857 574 1955; x_wconf 83' lang='lat' dir='ltr'>prophetavit</span> <span class='ocrx_word' id='word_1_85' title='bbox 600 1858 717 1946; x_wconf 89' lang='lat' dir='ltr'>bona,</span> <span class='ocrx_word' id='word_1_86' title='bbox 741 1860 812 1932; x_wconf 89' lang='lat' dir='ltr'>hoc</span> <span class='ocrx_word' id='word_1_87' title='bbox 833 1864 907 1932; x_wconf 81' lang='lat' dir='ltr'>est:</span> <span class='ocrx_word' id='word_1_88' title='bbox 944 1861 1129 1957; x_wconf 88' lang='lat' dir='ltr'>Martyrio</span> 
     </span>
     <span class='ocr_line' id='line_1_15' title="bbox 247 1975 1129 2076; baseline -0.001 -26"><span class='ocrx_word' id='word_1_89' title='bbox 247 1976 504 2074; x_wconf 85' lang='lat' dir='ltr'>dignabimini:</span> <span class='ocrx_word' id='word_1_90' title='bbox 536 1975 739 2072; x_wconf 89' lang='lat' dir='ltr'>patiamini,</span> <span class='ocrx_word' id='word_1_91' title='bbox 765 2002 844 2073; x_wconf 86' lang='lat' dir='ltr'>quae</span> <span class='ocrx_word' id='word_1_92' title='bbox 873 2004 941 2076; x_wconf 85' lang='lat' dir='ltr'>ego</span> <span class='ocrx_word' id='word_1_93' title='bbox 969 1979 1129 2076; x_wconf 88' lang='lat' dir='ltr'>patiar.“</span> 
     </span>
    </p>
   </div>
   <div class='ocr_carea' id='block_1_3' title="bbox 242 2208 1129 3129">
    <p class='ocr_par' dir='ltr' id='par_1_10' title="bbox 242 2208 1129 3129">
     <span class='ocr_line' id='line_1_16' title="bbox 319 2208 1128 2309; baseline 0.001 -25"><span class='ocrx_word' id='word_1_94' title='bbox 319 2210 433 2284; x_wconf 85' lang='lat' dir='ltr'>Erant</span> <span class='ocrx_word' id='word_1_95' title='bbox 471 2208 636 2304; x_wconf 87' lang='lat' dir='ltr'>discipuli</span> <span class='ocrx_word' id='word_1_96' title='bbox 673 2211 791 2284; x_wconf 83' lang='lat' dir='ltr'>adhuc</span> <span class='ocrx_word' id='word_1_97' title='bbox 826 2237 872 2282; x_wconf 87' lang='lat' dir='ltr'>ex</span> <span class='ocrx_word' id='word_1_98' title='bbox 904 2210 970 2284; x_wconf 84' lang='lat' dir='ltr'>illis</span> <span class='ocrx_word' id='word_1_99' title='bbox 983 2228 999 2300; x_wconf 84' lang='lat'>‚&#39;</span> <span class='ocrx_word' id='word_1_100' title='bbox 1035 2236 1128 2309; x_wconf 87' lang='lat' dir='ltr'>quos</span> 
     </span>
     <span class='ocr_line' id='line_1_17' title="bbox 244 2325 1128 2415; baseline -0.001 -14"><span class='ocrx_word' id='word_1_101' title='bbox 244 2329 412 2402; x_wconf 89' lang='lat' dir='ltr'>Christus</span> <span class='ocrx_word' id='word_1_102' title='bbox 435 2326 520 2399; x_wconf 89' lang='lat' dir='ltr'>Luc.</span> <span class='ocrx_word' id='word_1_103' title='bbox 545 2325 689 2410; x_wconf 87' lang='lat' dir='ltr'>XXIV.</span> <span class='ocrx_word' id='word_1_104' title='bbox 716 2348 775 2415; x_wconf 83' lang='lat'>25.</span> <span class='ocrx_word' id='word_1_105' title='bbox 801 2327 923 2400; x_wconf 88' lang='lat' dir='ltr'>stultos</span> <span class='ocrx_word' id='word_1_106' title='bbox 947 2349 982 2400; x_wconf 90' lang='lat' dir='ltr'>et</span> <span class='ocrx_word' id='word_1_107' title='bbox 1005 2331 1128 2402; x_wconf 89' lang='lat' dir='ltr'>tardos</span> 
     </span>
     <span class='ocr_line' id='line_1_18' title="bbox 242 2443 1129 2540; baseline -0.001 -21"><span class='ocrx_word' id='word_1_108' title='bbox 242 2447 425 2540; x_wconf 83' lang='lat' dir='ltr'>redarguit</span> <span class='ocrx_word' id='word_1_109' title='bbox 444 2443 554 2516; x_wconf 88' lang='lat' dir='ltr'>corde</span> <span class='ocrx_word' id='word_1_110' title='bbox 578 2444 624 2514; x_wconf 89' lang='lat' dir='ltr'>ad</span> <span class='ocrx_word' id='word_1_111' title='bbox 648 2443 886 2531; x_wconf 90' lang='lat' dir='ltr'>credendum,</span> <span class='ocrx_word' id='word_1_112' title='bbox 914 2470 994 2540; x_wconf 87' lang='lat' dir='ltr'>quae</span> <span class='ocrx_word' id='word_1_113' title='bbox 1015 2446 1129 2518; x_wconf 91' lang='lat' dir='ltr'>locuti</span> 
     </span>
     <span class='ocr_line' id='line_1_19' title="bbox 244 2560 1129 2659; baseline 0 -24"><span class='ocrx_word' id='word_1_114' title='bbox 244 2565 326 2636; x_wconf 81' lang='lat' dir='ltr'>sunt</span> <span class='ocrx_word' id='word_1_115' title='bbox 345 2589 420 2634; x_wconf 90' lang='lat' dir='ltr'>non</span> <span class='ocrx_word' id='word_1_116' title='bbox 441 2563 554 2633; x_wconf 87' lang='lat' dir='ltr'>solum</span> <span class='ocrx_word' id='word_1_117' title='bbox 576 2560 780 2656; x_wconf 87' lang='lat' dir='ltr'>prophetae,</span> <span class='ocrx_word' id='word_1_118' title='bbox 804 2561 887 2656; x_wconf 79' lang='lat' dir='ltr'>quia</span> <span class='ocrx_word' id='word_1_119' title='bbox 902 2577 1042 2652; x_wconf 82' lang='lat' dir='ltr'>oportuit</span> <span class='ocrx_word' id='word_1_120' title='bbox 1052 2576 1129 2659; x_wconf 75' lang='lat' dir='ltr'>poti</span> 
     </span>
     <span class='ocr_line' id='line_1_20' title="bbox 247 2687 1127 2770; baseline 0.003 -20"><span class='ocrx_word' id='word_1_121' title='bbox 247 2690 418 2770; x_wconf 76' lang='lat' dir='ltr'>Christum,</span> <span class='ocrx_word' id='word_1_122' title='bbox 440 2700 470 2749; x_wconf 87' lang='lat' dir='ltr'>et</span> <span class='ocrx_word' id='word_1_123' title='bbox 486 2691 535 2749; x_wconf 87' lang='lat' dir='ltr'>ita</span> <span class='ocrx_word' id='word_1_124' title='bbox 547 2689 665 2749; x_wconf 84' lang='lat' dir='ltr'>intrare</span> <span class='ocrx_word' id='word_1_125' title='bbox 677 2691 710 2753; x_wconf 78' lang='lat' dir='ltr'>itt</span> <span class='ocrx_word' id='word_1_126' title='bbox 723 2687 855 2763; x_wconf 84' lang='lat' dir='ltr'>glorium</span> <span class='ocrx_word' id='word_1_127' title='bbox 862 2687 976 2768; x_wconf 81' lang='lat' dir='ltr'>suum,</span> <span class='ocrx_word' id='word_1_128' title='bbox 998 2704 1127 2752; x_wconf 87' lang='lat' dir='ltr'>verum</span> 
     </span>
     <span class='ocr_line' id='line_1_21' title="bbox 244 2792 1128 2895; baseline 0.001 -27"><span class='ocrx_word' id='word_1_129' title='bbox 244 2797 350 2869; x_wconf 82' lang='lat' dir='ltr'>etiam</span> <span class='ocrx_word' id='word_1_130' title='bbox 371 2793 534 2866; x_wconf 89' lang='lat' dir='ltr'>Christus</span> <span class='ocrx_word' id='word_1_131' title='bbox 558 2792 657 2890; x_wconf 84' lang='lat' dir='ltr'>ipse:</span> <span class='ocrx_word' id='word_1_132' title='bbox 685 2795 746 2889; x_wconf 90' lang='lat' dir='ltr'>qui</span> <span class='ocrx_word' id='word_1_133' title='bbox 770 2796 1020 2893; x_wconf 89' lang='lat' dir='ltr'>cumprimum</span> <span class='ocrx_word' id='word_1_134' title='bbox 1042 2825 1128 2895; x_wconf 89' lang='lat' dir='ltr'>apo·</span> 
     </span>
     <span class='ocr_line' id='line_1_22' title="bbox 242 2901 1125 3011; baseline 0.005 -27"><span class='ocrx_word' id='word_1_135' title='bbox 242 2917 357 2986; x_wconf 83' lang='lat' dir='ltr'>stolos</span> <span class='ocrx_word' id='word_1_136' title='bbox 374 2912 509 2984; x_wconf 83' lang='lat' dir='ltr'>Mattb.</span> <span class='ocrx_word' id='word_1_137' title='bbox 529 2901 577 2982; x_wconf 87' lang='lat' dir='ltr'>X&#39;.</span> <span class='ocrx_word' id='word_1_138' title='bbox 594 2910 706 2999; x_wconf 80' lang='lat' dir='ltr'>misit,</span> <span class='ocrx_word' id='word_1_139' title='bbox 729 2913 925 3008; x_wconf 80' lang='lat' dir='ltr'>singillatim</span> <span class='ocrx_word' id='word_1_140' title='bbox 944 2914 1125 3011; x_wconf 84' lang='lat' dir='ltr'>quaeipsis</span> 
     </span>
     <span class='ocr_line' id='line_1_23' title="bbox 244 3029 1125 3129; baseline 0 -25"><span class='ocrx_word' id='word_1_141' title='bbox 244 3052 361 3104; x_wconf 87' lang='lat' dir='ltr'>essent</span> <span class='ocrx_word' id='word_1_142' title='bbox 395 3029 611 3117; x_wconf 87' lang='lat' dir='ltr'>sufferenda,</span> <span class='ocrx_word' id='word_1_143' title='bbox 650 3031 814 3127; x_wconf 83' lang='lat' dir='ltr'>praedixit</span> <span class='ocrx_word' id='word_1_144' title='bbox 840 3033 904 3102; x_wconf 82' lang='lat' dir='ltr'>suo</span> <span class='ocrx_word' id='word_1_145' title='bbox 934 3035 1125 3129; x_wconf 80' lang='lat' dir='ltr'>exemplo,</span> 
     </span>
    </p>
   </div>
   <div class='ocr_carea' id='block_1_4' title="bbox 229 3150 1126 3946">
    <p class='ocr_par' dir='ltr' id='par_1_11' title="bbox 229 3150 1126 3946">
     <span class='ocr_line' id='line_1_24' title="bbox 240 3150 1126 3246; baseline 0 -24"><span class='ocrx_word' id='word_1_146' title='bbox 240 3150 326 3246; x_wconf 91' lang='lat' dir='ltr'>quia</span> <span class='ocrx_word' id='word_1_147' title='bbox 355 3176 414 3219; x_wconf 84' lang='lat' dir='ltr'>non</span> <span class='ocrx_word' id='word_1_148' title='bbox 443 3169 489 3219; x_wconf 83' lang='lat' dir='ltr'>est</span> <span class='ocrx_word' id='word_1_149' title='bbox 517 3157 684 3238; x_wconf 83' lang='lat' dir='ltr'>discipulus</span> <span class='ocrx_word' id='word_1_150' title='bbox 701 3156 801 3239; x_wconf 85' lang='lat' dir='ltr'>super</span> <span class='ocrx_word' id='word_1_151' title='bbox 829 3160 1036 3236; x_wconf 82' lang='lat' dir='ltr'>magistrum,</span> <span class='ocrx_word' id='word_1_152' title='bbox 1072 3179 1126 3222; x_wconf 85' lang='lat' dir='ltr'>nec</span> 
     </span>
     <span class='ocr_line' id='line_1_25' title="bbox 229 3264 1125 3364; baseline 0.001 -27"><span class='ocrx_word' id='word_1_153' title='bbox 229 3277 344 3364; x_wconf 77' lang='lat' dir='ltr'>seruus</span> <span class='ocrx_word' id='word_1_154' title='bbox 350 3273 449 3356; x_wconf 83' lang='lat' dir='ltr'>super</span> <span class='ocrx_word' id='word_1_155' title='bbox 465 3275 620 3336; x_wconf 84' lang='lat' dir='ltr'>dominum</span> <span class='ocrx_word' id='word_1_156' title='bbox 626 3273 735 3354; x_wconf 83' lang='lat' dir='ltr'>suum.</span> <span class='ocrx_word' id='word_1_157' title='bbox 792 3264 860 3339; x_wconf 90' lang='lat' dir='ltr'>Et:</span> <span class='ocrx_word' id='word_1_158' title='bbox 889 3275 950 3358; x_wconf 69' lang='lat' dir='ltr'>Qui</span> <span class='ocrx_word' id='word_1_159' title='bbox 968 3295 1028 3336; x_wconf 86' lang='lat' dir='ltr'>non</span> <span class='ocrx_word' id='word_1_160' title='bbox 1044 3266 1125 3338; x_wconf 83' lang='lat' dir='ltr'>acci·</span> 
     </span>
     <span class='ocr_line' id='line_1_26' title="bbox 234 3391 1125 3477; baseline 0.004 -23"><span class='ocrx_word' id='word_1_161' title='bbox 234 3397 290 3477; x_wconf 82' lang='lat' dir='ltr'>pit</span> <span class='ocrx_word' id='word_1_162' title='bbox 317 3412 433 3455; x_wconf 84' lang='lat' dir='ltr'>crucem</span> <span class='ocrx_word' id='word_1_163' title='bbox 450 3392 569 3473; x_wconf 83' lang='lat' dir='ltr'>suam,</span> <span class='ocrx_word' id='word_1_164' title='bbox 598 3404 629 3454; x_wconf 86' lang='lat' dir='ltr'>et</span> <span class='ocrx_word' id='word_1_165' title='bbox 642 3391 791 3475; x_wconf 77' lang='lat' dir='ltr'>sequitur</span> <span class='ocrx_word' id='word_1_166' title='bbox 818 3410 887 3468; x_wconf 89' lang='lat' dir='ltr'>me,</span> <span class='ocrx_word' id='word_1_167' title='bbox 915 3411 974 3453; x_wconf 82' lang='lat' dir='ltr'>non</span> <span class='ocrx_word' id='word_1_168' title='bbox 1004 3394 1054 3456; x_wconf 66' lang='lat' dir='ltr'>est&#39;</span> <span class='ocrx_word' id='word_1_169' title='bbox 1075 3414 1125 3458; x_wconf 83' lang='lat' dir='ltr'>me</span> 
     </span>
     <span class='ocr_line' id='line_1_27' title="bbox 239 3498 1126 3596; baseline 0.001 -23"><span class='ocrx_word' id='word_1_170' title='bbox 239 3513 359 3587; x_wconf 79' lang='lat' dir='ltr'>dignus.</span> <span class='ocrx_word' id='word_1_171' title='bbox 412 3501 480 3572; x_wconf 88' lang='lat' dir='ltr'>Seu</span> <span class='ocrx_word' id='word_1_172' title='bbox 504 3519 544 3572; x_wconf 90' lang='lat' dir='ltr'>ut</span> <span class='ocrx_word' id='word_1_173' title='bbox 566 3500 675 3571; x_wconf 90' lang='lat' dir='ltr'>habet</span> <span class='ocrx_word' id='word_1_174' title='bbox 700 3499 814 3572; x_wconf 91' lang='lat' dir='ltr'>Lucas</span> <span class='ocrx_word' id='word_1_175' title='bbox 838 3498 943 3571; x_wconf 84' lang='lat' dir='ltr'>XIV:</span> <span class='ocrx_word' id='word_1_176' title='bbox 973 3524 1030 3591; x_wconf 81' lang='lat'>27.</span> <span class='ocrx_word' id='word_1_177' title='bbox 1059 3513 1126 3596; x_wconf 67' lang='lat' dir='ltr'>Qui</span> 
     </span>
     <span class='ocr_line' id='line_1_28' title="bbox 238 3620 1122 3708; baseline 0.001 -17"><span class='ocrx_word' id='word_1_178' title='bbox 238 3648 298 3691; x_wconf 89' lang='lat' dir='ltr'>nou</span> <span class='ocrx_word' id='word_1_179' title='bbox 328 3631 451 3692; x_wconf 84' lang='lat' dir='ltr'>baiuiat</span> <span class='ocrx_word' id='word_1_180' title='bbox 479 3646 596 3689; x_wconf 86' lang='lat' dir='ltr'>crucem</span> <span class='ocrx_word' id='word_1_181' title='bbox 615 3624 735 3705; x_wconf 83' lang='lat' dir='ltr'>suam,</span> <span class='ocrx_word' id='word_1_182' title='bbox 775 3639 805 3689; x_wconf 86' lang='lat' dir='ltr'>et</span> <span class='ocrx_word' id='word_1_183' title='bbox 833 3631 920 3688; x_wconf 81' lang='lat' dir='ltr'>verrit</span> <span class='ocrx_word' id='word_1_184' title='bbox 943 3640 1019 3708; x_wconf 81' lang='lat' dir='ltr'>post</span> <span class='ocrx_word' id='word_1_185' title='bbox 1047 3620 1122 3708; x_wconf 76' lang='lat' dir='ltr'>lie,</span> 
     </span>
     <span class='ocr_line' id='line_1_29' title="bbox 237 3734 1122 3827; baseline 0.002 -21"><span class='ocrx_word' id='word_1_186' title='bbox 237 3760 297 3807; x_wconf 85' lang='lat' dir='ltr'>non</span> <span class='ocrx_word' id='word_1_187' title='bbox 318 3758 423 3826; x_wconf 81' lang='lat' dir='ltr'>potest</span> <span class='ocrx_word' id='word_1_188' title='bbox 448 3763 531 3806; x_wconf 82' lang='lat' dir='ltr'>meus</span> <span class='ocrx_word' id='word_1_189' title='bbox 556 3762 617 3806; x_wconf 85' lang='lat' dir='ltr'>esst</span> <span class='ocrx_word' id='word_1_190' title='bbox 642 3745 832 3824; x_wconf 72' lang='lat' dir='ltr'>discipulus·</span> <span class='ocrx_word' id='word_1_191' title='bbox 879 3734 992 3827; x_wconf 81' lang='lat' dir='ltr'>Quod</span> <span class='ocrx_word' id='word_1_192' title='bbox 1024 3735 1122 3808; x_wconf 86' lang='lat' dir='ltr'>idem</span> 
     </span>
     <span class='ocr_line' id='line_1_30' title="bbox 238 3848 1123 3946; baseline -0.002 -18"><span class='ocrx_word' id='word_1_193' title='bbox 238 3848 290 3928; x_wconf 84' lang='lat' dir='ltr'>est</span> <span class='ocrx_word' id='word_1_194' title='bbox 310 3879 350 3926; x_wconf 89' lang='lat' dir='ltr'>ac</span> <span class='ocrx_word' id='word_1_195' title='bbox 373 3851 480 3925; x_wconf 87' lang='lat' dir='ltr'>illud:</span> <span class='ocrx_word' id='word_1_196' title='bbox 509 3862 642 3924; x_wconf 82' lang='lat' dir='ltr'>Potestis</span> <span class='ocrx_word' id='word_1_197' title='bbox 665 3862 763 3925; x_wconf 81' lang='lat' dir='ltr'>bibere</span> <span class='ocrx_word' id='word_1_198' title='bbox 783 3863 924 3942; x_wconf 78' lang='lat' dir='ltr'>culicem,</span> <span class='ocrx_word' id='word_1_199' title='bbox 954 3881 1123 3946; x_wconf 78' lang='lat' dir='ltr'>quem-ego</span> 
     </span>
    </p>
   </div>
   <div class='ocr_carea' id='block_1_5' title="bbox 271 3998 521 4071">
    <p class='ocr_par' dir='ltr' id='par_1_12' title="bbox 271 3998 521 4071">
     <span class='ocr_line' id='line_1_31' title="bbox 271 3998 521 4071; baseline -0.004 -17"><span class='ocrx_word' id='word_1_200' title='bbox 271 3998 521 4071; x_wconf 57' lang='lat' dir='ltr'>offlam</span> 
     </span>
    </p>
   </div>
   <div class='ocr_carea' id='block_1_6' title="bbox 0 0 1242 4568">
    <p class='ocr_par' dir='ltr' id='par_1_13' title="bbox 0 0 1242 4568">
     <span class='ocr_line' id='line_1_32' title="bbox 0 0 1242 4568; baseline 0 1"><span class='ocrx_word' id='word_1_201' title='bbox 0 0 1242 4568; x_wconf 95' lang='lat' dir='ltr'> </span> 
     </span>
    </p>
   </div>
  </div>
 </body>
</html>
