2474 4568
421 299 652 327 ..-.......
931 281 1048 367 ιι

286 410 586 516 creor
645 409 870 534 οΧΧ
872 387 874 391 ’

1010 401 1125 465 Carus

1025 521 1112 577 CXX.

115 590 699 670 emansornrur
682 579 1142 702 ruunos„,;

322 719 763 792 PARRICIDAS.

102 881 206 964 Cum
240 887 428 964 audissent
457 887 644 984 prinpres
677 885 909 973 sacerdotum
947 898 985 989 et

151 1001 327 1081 Pharisaei
349 1004 541 1102 parabolas
569 1005 669 1096 eius,
697 1017 982 1104 cognoverunt,

152 1121 260 1220 quod
288 1121 334 1198 de
365 1124 453 1219 ipsis
482 1121 631 1198 diceret.
701 1119 748 1198 Et
778 1135 984 1222 quaerentes

150 1262 242 1314 eum
272 1252 423 1328 tenere,
462 1220 669 1320 timuerunt
699 1240 849 1329 turbas,
889 1263 985 1339 quo
1047 1243 1051 1266 '

151 1356 256 1430 niam
285 1353 378 1430 ficut
411 1346 640 1482 prophetam
666 1379 752 1432 eum
782 1356 981 1548 habebant

149 1468 292 1550 Matth.
319 1468 432 1548 XXI.
458 1495 519 1570 45.
489 1478 600 1577 5.46
622 1451 666 1564 'et
691 1469 867 1551 XX1t1

97 1746 237 1910 Ponit
259 1815 335 1890 haec
358 1817 573 1914 evangelista
595 1839 679 1915 post
703 1818 910 1916 parabolam
937 1819 982 1892 de
999 1821 1152 1885 rnsalurenl

99 1920 349 2064 patrefamilias
376 1916 549 2064 vinitpre,
587 1935 673 2010 Deo
697 1929 883 2024 nimirum,
921 1936 983 2032 qui

99 2051 277 2149 plantavit
301 2051 443 2124 vineam
467 2051 504 2129 in
534 2052 646 2125 veteri
677 2071 918 2140 testamento‚·
949 2073 985 2126 et

99 2172 219 2266 sepem
239 2168 477 2267 circumdedit
498 2168 550 2256 ei,
578 2169 724 2247 etiodit
744 2167 779 2238 in
804 2194 844 2239 ea
869 2188 985 2262 torcu-

97 2289 174 2373 lar,
216 2304 250 2358 et
281 2284 469 2358 aedificavit
498 2285 645 2373 turrim,
683 2306 718 2356 et
748 2284 880 2356 locavit
907 2312 985 2356 eam

96 2401 284 2500 agricolis,
320 2401 418 2503 genti
441 2402 626 2483 ludaicae
617 2430 654 2473 m
680 2402 910 2499 peculiarem
921 2427 986 2519 pq·

96 2522 225 2616 pulum
247 2518 310 2589 fibi
332 2539 514 2607 assumtae,
518 2538 647 2623 atque
671 2519 715 2591 ab
743 2509 944 2591 omnibus
935 2545 987 2590 rn-

95 2636 251 2729 sultibus
274 2656 343 2710 tam
368 2618 505 2711 lortiter
527 2636 734 2712 custoditae:
765 2663 844 2709 cum
865 2655 985 2710 autem

973 1900 1135 1970 gentium.

96 2772 241 2848 tempus
281 2753 459 2829 fructuum
495 2754 847 2868 appropinquasset,
889 2753 984 2824 misit
1038 2826 1041 2831 ,

96 2873 219 2951 servos
241 2871 326 2947 suos
355 2871 570 2971 prophetas,
615 2898 706 2968 quos
739 2860 983 2987 apprehensos

98 2987 224 3061 alium
219 2974 456 3083 ceciderunt,
480 2988 590 3079 alium
618 2989 846 3101 occiderunt.
877 2966 984 3059 aliuiir

96 3074 349 3213 lapidarunt
362 3081 568 3197 Novissime
596 3125 714 3178 autem
740 3088 835 3187 misit
835 3079 984 3222 Filiurii

96 3223 199 3295 suum
222 3195 349 3313 lesum
362 3203 562 3313 Christum,
572 3248 695 3350 quem
720 3216 837 3316 ipsum
860 3247 985 3329 appre-

98 3318 254 3443 herisurp
261 3320 469 3437 ειρᾷειιιιιι
472 3324 577 3426 extra
592 3335 763 3426 vineam,
792 3357 827 3437 et
849 3338 985 3442 occide·

98 3474 191 3528 tunt.
217 3453 418 3562 Quaerit
409 3480 477 3581 ram
491 3433 621 3529 Cirrist
608 3474 683 3528 tus.
716 3466 804 3529 Corn
802 3463 985 3543 ergouerre·
1036 3529 1039 3534 ,
1116 3552 1119 3561 ¹

98 3585 138 3644 rit
168 3564 323 3643 Dominus
347 3559 462 3659 uineae,¹
499 3558 581 3663 ,ulid
595 3552 698 3661 saciet
723 3583 866 3659 agricolis
895 3581 987 3655 iuis?

99 3699 209 3773 Aiunt
218 3698 290 3759 itt.-
316 3677 422 3760 Molos
445 3699 524 3761 mab
542 3699 672 3781 perdet,
700 3710 730 3759 ec
751 3701 875 3771 vineam
882 3696 929 3776 fir
910 3715 982 3761 nom

98 3814 210 3879 locabit
241 3794 314 3881 aliis
342 3786 506 3890 agricolis,
546 3818 626 3896 qui
629 3815 759 3915 reddant
747 3815 818 3875 tei
827 3792 982 3890 strictum

98 3933 280 4016 temporibus
284 3930 371 4010 sarr
414 3921 580 4005 Observa
598 3910 705 4010 vem,
734 3921 827 4018 apud
846 3919 979 3993 Lucam
