2474 4568
162 422 277 492 CAPUT
307 439 501 524 offensionis,
531 455 563 507 et
579 455 704 526 petram
722 442 870 523 scandali
882 464 893 504 .·
933 454 964 507 ct
983 445 1101 522 omnir,
1133 442 1191 522 qni

167 549 268 606 cxlx.
305 563 400 623 credit
424 566 457 624 in
483 581 575 638 eum,
600 580 659 623 non
680 560 880 641 confundetur
902 548 951 641 n).
1011 552 1189 626 Fecerunt

140 667 376 740 'W‘hoc
409 669 595 740 credentes
627 667 663 739 in
698 668 891 739 Christum
915 667 1099 755 Gentiles,
1138 669 1184 740 de

302 785 431 881 quibus
450 789 558 882 paulo
577 803 658 857 ante
680 787 883 881 apostolus:
916 795 1025 857 Gentes
1043 811 1108 876 quc
1124 813 1184 858 non

292 911 498 992 fictubantur
522 915 698 988 iustitiam,
726 911 988 992 apprehenderunt
1013 914 1186 990 iustitiam,

301 1030 459 1094 iustitiam
489 1041 616 1106 nutem,
651 1046 715 1112 quc
739 1046 780 1090 ex
803 1025 868 1105 fide
897 1040 953 1091 est.
1019 1017 1188 1107 Solebat,

301 1155 343 1207 ut
370 1134 473 1218 Bern.
502 1136 616 1233 Lamy
643 1135 877 1233 inapparatu
904 1133 1036 1207 biblico
1064 1135 1202 1208 obser..

301 1272 363 1324 vat
386 1279 464 1354 cap.
493 1279 546 1326 12.
572 1280 651 1325 reus
672 1252 793 1326 mortis
816 1252 862 1324 fic
886 1251 1121 1348 praecipitari,
1148 1271 1188 1324 ut

299 1358 669 1466 impingeret'magno
700 1368 806 1455 alicui
832 1369 967 1465 lapidi:
1008 1395 1081 1465 quo
1109 1371 1187 1440 vul·

289 1513 389 1565 ¹nere
416 1485 446 1558 si
470 1513 547 1560 non
575 1507 793 1572 moreretur,
834 1490 920 1559 aiter
950 1485 1037 1582 lapis
1066 1485 1098 1557 ei
1127 1485 1189 1565 im-

301 1603 535 1702 pingebatur,
562 1604 606 1675 ad
629 1604 727 1700 quod
749 1603 873 1677 alludit
894 1601 1075 1675 Dominus
1100 1602 1188 1683 dum

302 1720 369 1819 ait,
397 1744 428 1792 ct
452 1734 507 1812 qui
530 1731 671 1793 ceciderit
684 1729 784 1812 super
812 1729 945 1811 lapidem
971 1732 1089 1805 istum,
1118 1748 1189 1790 con·

291 1847 477 1928 fringetum
505 1845 603 1928 super
632 1865 721 1928 quern
749 1864 824 1908 vcro
854 1847 1017 1923 ceciderit,
1053 1855 1188 1907 conteret

301 1983 382 2053 erim.
428 1952 611 2051 Sicporro
635 1952 803 2050 deinceps
825 1951 1056 2026 Gentilismus
1077 1952 1190 2025 hostis

273 2056 481 2142 ¹'christiani
523 2069 676 2141 nominis
718 2089 754 2142 et
791 2088 999 2166 persecutor
1035 2067 1189 2142 obrutus

299 2185 433 2259 corruit
455 2185 694 2265 comminutus
718 2205 752 2257 et
772 2187 934 2259 redactus
957 2184 994 2256 in
1017 2185 1187 2274 nih-ilum,

298 2301 410 2397 idque
434 2303 641 2376 Rom-auum
668 2303 861 2398 Imperium
886 2329 949 2398 per
972 2302 1187 2398 irruptiones

298 2420 486 2492 nationum
517 2420 769 2507 barbararum,
805 2418 992 2517 ipsamque
1025 2418 1186 2491 Romam

299 2537 405 2610 toties
425 2556 596 2609 vastatam
618 2537 746 2610 mansit
764 2539 893 2624 fatum,
917 2556 957 2608 ut
974 2554 1096 2633 aperte
1113 2561 1186 2608 om·

300 2655 389 2726 nino
416 2652 511 2724 Dan.
539 2654 584 2724 ΙΙ.
612 2652 831 2749 explicatur,
866 2673 975 2749 prout
1005 2651 1042 2722 in
1074 2652 1185 2725 statua

297 2763 424 2855 aurei,
449 2789 632 2863 argentea,
657 2795 779 2855 aerea,
803 2770 914 2842 ferrea
933 2795 973 2841 ac
990 2767 1089 2841 fictili
1111 2766 1185 2863 regi

301 2886 646 2960 Nabuchodonosor
672 2879 709 2957 in
740 2888 867 2958 somuo
894 2907 1048 2982 quatuor
1073 2909 1182 2981 regua

300 3006 362 3079 seu
391 3003 603 3076 monarchiae
630 3002 764 3076 mundi.
782 3004 924 3075 fuerunt
949 3021 1181 3098 praesentata:

301 3131 404 3193 Donec
423 3131 571 3192 abscissus
592 3141 639 3192 cst
660 3130 741 3211 lapis
762 3129 799 3192 de
821 3142 921 3192 monte
933 3126 1001 3206 fiac
1023 3130 1183 3202 manilium

298 3262 332 3324 et
352 3251 502 3328 percussit
520 3245 664 3324 statuum
690 3249 724 3309 in
747 3247 878 3328 pedibus
903 3249 971 3308 eius
983 3246 1119 3325 ferreis,
1153 3255 1183 3307 et

294 3361 461 3442 fictilibus,
488 3377 521 3425 ct
541 3366 720 3425 comminuit
739 3383 798 3425 eos.
854 3361 937 3424 Tunc
958 3365 1094 3424 contrita
1103 3361 1184 3441 suut

235 3519 241 3530 ·
293 3479 568 3564 paritcrferrum,
587 3491 688 3555 testa,
715 3496 768 3554 cis,
791 3458 969 3555 argentumi
995 3491 1025 3542 et
1051 3497 1184 3556 aurum,

295 3608 329 3675 ct
352 3598 479 3659 redacta
503 3599 593 3679 qunti
618 3599 652 3658 in
669 3595 823 3675 favillam
859 3601 966 3658 astina
989 3578 1085 3674 urea,
1116 3613 1182 3678 qua

264 3759 270 3771 Ι
297 3727 395 3796 rupta
409 3712 490 3792 sunt
517 3726 635 3775 uento:
668 3713 833 3796 uniusque·
852 3715 935 3776 locus
964 3716 1109 3774 inventus
1138 3722 1185 3774 ert

300 3834 365 3896 cir:
387 3831 467 3910 Iapis
486 3843 610 3906 autem,
627 3832 681 3911 qui
694 3843 888 3911 percusserat
895 3826 1057 3909 statuum,
1071 3829 1185 3909 factus

224 3958 228 3971 ⁸
334 3965 371 4037 a)
388 3967 453 4024 ltu.
476 3967 560 4024 VIII.
582 3983 623 4038 14.
642 3978 669 4022 er
687 3967 835 4026 XXVIII.
857 3970 899 4022 16.
