2602 4696
683 325 687 338 Ι
820 331 822 338 Ι
929 307 937 318 ι

686 387 915 406 w

271 375 280 404 ²
367 367 438 449 184

222 505 335 566 ΠΜ
362 508 394 583 S.
419 505 541 581 Irenaei
563 505 623 579 lib.
649 503 766 577 1V.c.
792 529 847 593 3²·
874 502 909 574 in
935 503 1017 577 edit.
1043 499 1258 580 Mantiana

173 613 392 720 'CXXXVL'Q
433 649 486 712 17.
527 621 781 696 Eucharistiam
821 620 998 718 proprium
1033 620 1254 694 sacrificium

207 737 549 828 “Wrominat,
591 739 701 811 ¹allatis
735 760 892 809 veterum
930 757 964 808 et
1000 736 1279 814 recentiorum.

360 861 463 954 super
486 857 551 930 hac
578 883 614 928 re
639 853 796 939 iudiciis,
824 874 929 950 atque
957 852 1076 925 etiarn
1093 853 1252 927 subscri·

360 973 414 1046 bit
432 973 485 1044 Jo.
506 969 612 1044 Medi
635 991 670 1043 et
693 970 840 1042 aliorum
866 969 1065 1065 Anglorurn
1083 990 1175 1043 voto
1197 973 1251 1042 de

360 1089 580 1164 restituendo
613 1089 682 1160 hoc
714 1085 762 1160 N.
795 1085 843 1157 T.
874 1085 1052 1159 sacrificio.
1115 1085 1249 1180 ltaque

359 1205 394 1290 S.
423 1205 572 1276 ueniens
604 1229 735 1301 martyr
764 1201 800 1274 in
832 1223 1029 1276 memorato
1062 1200 1245 1275 a'Pfaffio
1290 1294 1291 1298 Ἰ

362 1321 458 1394 edito
486 1320 753 1416 fragmentoll.
781 1339 864 1414 post
890 1323 1031 1392 allatum
1058 1319 1148 1391 inter
1176 1317 1251 1389 alia

356 1435 554 1511 Malachiae
573 1440 711 1510 locum:
731 1435 826 1522 „Hae
844 1435 1062 1522 oblationes,
1082 1435 1146 1520 ait,
1167 1459 1250 1506 non

360 1554 555 1629 fecundum
577 1557 692 1650 legem
712 1553 811 1638 sunt,
840 1553 939 1624 tirius
965 1551 1248 1648 chirographum

363 1671 485 1742 delens
514 1669 696 1742 Dominus
725 1696 744 1741 e
770 1669 888 1743 medio
911 1669 1073 1756 sustulit,
1107 1669 1169 1740 sed
1194 1669 1250 1740 se·

273 1842 274 1848 κ
363 1787 519 1859 cundum
543 1787 718 1884 spiritum:
741 1770 820 1856 narn
840 1785 875 1855 in
896 1783 1015 1880 spiritu
1042 1805 1076 1858 et
1094 1783 1248 1857 veritate

364 1921 519 1998 oportet¹
542 1903 702 1974 adorares
722 1901 935 1976 Dominum.
1010 1901 1250 1998 Quapropter

363 2019 497 2092 oblatio
522 2017 748 2116 Eucharistiae
767 2017 869 2090 etiam
894 2043 965 2090 non
991 2017 1156 2102 carnalis,
1182 2018 1250 2089 sed

360 2135 547 2233 spiritualis
570 2154 641 2218 est,
663 2154 698 2210 et
722 2135 755 2205 in
779 2136 849 2210 hoc
871 2135 1013 2208 munda.
1023 2137 1046 2172 “
1088 2132 1249 2226 Qualem

357 2251 528 2326 'nimirum
551 2277 570 2323 a
595 2252 675 2326 solis
699 2271 778 2322 ortu
806 2277 917 2346 usque
942 2251 986 2323 ad
1014 2275 1181 2324 occasum
1208 2250 1250 2324 in

364 2369 529 2465 gentibus
566 2369 643 2440 fore
681 2367 897 2439 offerendam
930 2366 1094 2464 praedixit
1128 2367 1250 2443 Mata-

364 2488 480 2571 chias;
510 2485 602 2556 illam
626 2487 740 2556 autern
762 2484 819 2555 hic
845 2483 881 2557 id
905 2509 978 2556 esse
1005 2483 1090 2556 dicit
1117 2481 1149 2556 S.
1177 2483 1249 2556 Ire'·

363 2629 486 2688 naeus,
520 2601 628 2696 quod,
653 2600 813 2672 Christus
850 2601 985 2673 mulieri
1023 2601 1248 2672 Samaritanae

365 2718 638 2798 denuntiaverat
661 2719 799 2790 venisse
826 2719 974 2804 horam,
1001 2728 1124 2812 parando
1150 2746 1247 2810 neque

362 2847 396 2908 iu
425 2855 525 2904 monte
554 2843 632 2917 hoc,
671 2861 764 2923 neque
789 2847 822 2904 in
843 2816 1037 2924 jerosolyma
1070 2844 1243 2906 adorabitis

357 2961 491 3024 'Putrem
507 2945 577 3039 ¹rr).·
604 2947 665 3018 u'bi
691 2947 812 3046 utique
837 2952 881 3022 de
904 2931 1072 3023 sacrificio
1093 2977 1147 3022 res
1172 2968 1243 3038 est,

362 3061 531 3161 quocirca
554 3065 772 3136 samaritanis
795 3094 874 3139 curn
898 3067 1025 3166 iudaeis
1049 3087 1122 3140 erat
1140 3068 1244 3140 schis-

266 3189 271 3204 ‘
358 3207 444 3268 ma,
479 3181 545 3254 illis
577 3182 612 3253 in
643 3205 765 3256 monte
792 3175 946 3258 Garizim
981 3185 1240 3271 offerentibns,

360 3298 463 3396 'quod
492 3299 658 3373 dicebant
681 3301 792 3373 iudaei
819 3303 854 3372 in
883 3301 1140 3402 Hierosolymis
1168 3322 1243 3373 tan·

362 3437 438 3492 turn
462 3418 661 3488 faciendum
687 3443 779 3504 esse;
808 3435 900 3492 recte
927 3415 963 3488 id
992 3417 1165 3516 quidem3
1191 3418 1241 3515 ip-

361 3533 435 3635 sius
461 3533 591 3602 Christi
617 3533 739 3604 effato:
769 3547 845 3625 quia
855 3541 949 3623 salus
973 3563 1013 3607 ex
1035 3545 1167 3621 Judaeis,
1195 3561 1242 3607 ex

355 3651 533 3727 'salvatore
565 3648 726 3721 nimirum
757 3649 900 3724 Christo
934 3652 1039 3739 Jesu,
1078 3651 1136 3748 qui
1173 3677 1239 3747 pro

362 3764 469 3840 nobis
496 3791 532 3836 se
559 3754 735 3838 victimam
758 3767 794 3838 in
818 3795 920 3843 cruce
945 3754 1029 3842 Deo
1056 3768 1150 3840 Patri
1179 3769 1240 3841 ob-

360 3881 469 3966 ὁ131111
510 3900 613 3976 atque
645 3885 728 3958 hinc
761 3911 920 3960 cessante
954 3885 1075 3984 typico
1111 3885 1157 3958 Vt
1190 3885 1237 3957 T.

397 4022 427 4100 a)
444 4027 490 4094 Jo.
509 4028 564 4085 IV.
584 4044 626 4094 ar.
