2474 4568
260 272 334 344 260
584 302 816 320 -—-—-

118 414 233 478 clm
260 431 355 492 Pater
379 429 412 490 in
435 426 526 490 Filio.
587 416 701 510 Quod
729 415 884 514 pertinet
910 416 956 491 ad
987 416 1141 517 primum

96 535 245 592 cmm·
258 559 292 612 et
315 536 508 608 maximum
534 536 740 607 mandatum
767 530 842 608 Dei
868 534 1058 624 nimirum;
1094 541 1141 612 le·

93 634 416 727 ‘chundum
453 678 542 726 vero
564 657 666 738 fimile
698 648 795 740 huic,
831 653 914 749 quia
950 656 989 726 in
1013 642 1140 750 .'primo
1172 653 1176 662 ’

258 791 527 857 contemnatur,
550 768 670 841 omnia
688 767 818 843 scilicet
836 769 882 841 ad
899 770 1009 842 finem
1031 799 1141 845 uuum

257 875 469 974 referendo,
496 886 643 982 gloriam
672 885 769 958 Deit
806 898 843 958 In
868 897 925 959 hoe
954 898 1142 975 clarificatus

257 1027 305 1078 est
327 1016 421 1076 Pater
441 1033 544 1092 meus,
572 1026 608 1075 ut
621 1013 765 1092 fructum
785 1015 955 1094 plurimum
977 1013 1143 1094 offeratis,

255 1143 290 1195 et
314 1128 489 1208 efficiamini
505 1133 565 1192 mei
587 1130 746 1211 discipuli,
773 1147 923 1220 nempe,
951 1144 988 1194 ut
1004 1111 1144 1208 diligatis

258 1252 390 1310 invicem
417 1245 512 1324 *ficut¹
532 1248 629 1311 dilexi
656 1265 723 1310 voss
789 1239 855 1311 Est
891 1239 963 1314 hoc
994 1238 1144 1312 sublime

258 1354 347 1427 illud
381 1355 610 1453 mysterium,
651 1369 715 1449 μετ’
746 1355 869 1450 quod,
896 1375 936 1429 ut
965 1354 1144 1454 diximus,

256 1458 451 1568 utrumque
472 1471 672 1543 dilectionis
691 1491 925 1569 praeceptum,
951 1485 1063 1566 inquo
1081 1486 1148 1544 uni·

258 1617 353 1662 versa
382 1600 432 1661 lex
456 1599 572 1680 pendet
604 1605 635 1660 et
664 1597 843 1677 prophete,
885 1610 1145 1663 consentiatur.

261 1757 283 1794 „
295 1708 378 1802 Ipsa
397 1724 473 1817 est⁰
492 1705 539 1778 ait
556 1704 589 1778 S.
608 1703 832 1799 Augustinus
852 1701 909 1795 a),
934 1696 1082 1779 dilectio
1101 1707 1147 1780 ab

261 1822 362 1896 omni
388 1823 570 1894 mundana
602 1816 793 1893 dilectione
825 1822 999 1911 discreta,
1037 1848 1147 1920 quam

262 1940 518 2036 distinguendo
550 1938 687 2010 addidit
714 1937 920 2026 Dominus,
938 1946 1024 2026 ficut
1050 1951 1174 2025 dilexi·

260 2086 330 2141 uos.
384 2056 484 2148 Quid
509 2055 602 2127 enim
631 2043 696 2126 nisi
722 2054 844 2128 Deum
869 2056 994 2128 dilexit
1019 2058 1057 2128 in
1083 2084 1148 2130 no·

218 2180 220 2185 ⁴
261 2174 350 2248 bis?
385 2173 473 2247 Non
502 2173 602 2269 quod
628 2171 865 2259 habebamus,-
891 2172 952 2246 led
976 2192 1015 2246 ut
1040 2174 1149 2248 habe·

162 2358 164 2370 ,
262 2317 403 2364 remus:
431 2308 472 2363 ut
497 2290 667 2386 perducti
694 2299 783 2376 nos,
812 2290 898 2362 licut
925 2294 1036 2386 paulo
1063 2313 1147 2364 ante

263 2409 355 2494 dixi,
383 2409 445 2482 ubi
468 2408 507 2479 fit
529 2406 634 2479 Deus
661 2405 780 2481 omnia
802 2406 840 2478 in
862 2408 1042 2480 omnibus.
1092 2410 1149 2482 Sic

263 2527 366 2599 etiam
394 2520 552 2597 medicus
575 2541 667 2596 recte
694 2523 822 2596 dieitur
841 2550 954 2620 aegros
979 2525 1146 2622 diligere:

264 2661 300 2715 et
330 2630 416 2738 quid
448 2642 485 2712 in
518 2641 566 2713 eis
592 2640 658 2713 nisi
688 2642 832 2714 salutem
863 2641 999 2738 diligit,
1039 2670 1148 2740 quam

261 2761 359 2855 cupit
378 2759 499 2852 utique
519 2783 704 2856 revocare,
730 2784 804 2830 non
824 2759 1008 2847 morbum,
1038 2787 1148 2856 quem

259 2877 359 2950 venit
374 2874 578 2971 expellere?
605 2873 659 2945 Sic
671 2899 756 2969 ergo
772 2887 806 2946 et
820 2902 887 2946 nos
902 2860 1056 2948 invicem
1072 2877 1148 2950 dili·

260 2998 405 3089 gamus,
431 3003 664 3086 utquontum
686 3015 894 3087 possumus,
923 2991 1077 3065 invicem
1100 2995 1147 3066 ad

179 3139 181 3142 ·
258 3093 464 3184 habendum
491 3108 527 3180 in
552 3108 655 3180 nobis
682 3095 804 3182 Deum
833 3135 916 3198 cura
943 3109 1147 3185 dilectionis

261 3229 519 3300 attrahamusss
565 3225 643 3299 Hoc
663 3227 775 3298 fuerat
794 3246 877 3299 tunc
896 3251 987 3322 opus
1007 3231 1146 3324 grande

260 3332 521 3451 apostolicum,
557 3343 602 3412 ad
626 3336 725 3439 quod
753 3343 973 3417 instruendo.
992 3345 1147 3445 discipu·

259 3465 313 3535 los
336 3454 439 3544 suos,—
477 3458 608 3528 eisdem
636 3459 740 3531 toties
768 3459 804 3529 in
826 3461 897 3533 hoc
928 3462 1055 3535 ultimo
1080 3466 1147 3537 ser·

260 3591 369 3651 mone
393 3574 645 3672 perfectionem
673 3564 873 3650 dilectionis
900 3601 1032 3652 mutuae
1058 3581 1146 3654 ficut

261 3694 388 3766 dilexit
410 3701 492 3778 nos‘,
513 3698 650 3764 etcum
671 3693 757 3790 ipsis
780 3696 884 3769 etiam
906 3684 1011 3768 nobis
1035 3697 1144 3772 incul-

198 3885 201 3888 ,
259 3809 370 3896 cavit,
397 3822 435 3881 ut
448 3815 533 3893 ficut
553 3820 690 3882 Christus
712 3826 848 3883 animam
862 3823 960 3901 suom
976 3844 1038 3904 pro
1060 3806 1143 3890 nobis

184 3947 187 3954 ¹
294 3955 326 4026 a)
348 3958 435 4013 Tract.
453 3954 562 4012 LXVI.
582 3957 610 4010 in
627 3956 674 4023 Jo.
694 3977 720 4013 n.
740 3975 765 4014 2.
789 3959 821 4014 T.
841 3960 902 4022 III.
922 3961 955 4018 P.
972 3961 1017 4019 ΙΙ.
1035 3976 1063 4032 p.
1080 3967 1139 4032 675.
