2474 4568
74 270 160 344 aliter
185 269 303 342 dicere
332 268 402 340 hoc
430 267 549 379 potuit
573 267 804 366 Moysesde
836 296 936 344 caere·
958 264 1079 328 ΟΜ*

10 463 27 506 m
70 385 192 459 moniis
211 385 339 458 veteris
358 383 555 456 testamenti
573 410 676 479 quam
696 389 796 481 quod
819 382 1096 460 essentcxxva

65 503 182 597 figurae
207 502 311 589 novi,
339 502 438 596 quod
458 501 626 596 sanguine
649 503 759 575 divini
782 504 862 598 agni
885 500 1088 577 estffl

10 583 21 649 i
62 619 287 706 dedicatum,
322 631 430 690 etenim
450 628 572 708 pascha
594 642 731 690 nostrum
757 631 938 692 *immolatus

10 700 14 742 ²
59 715 104 806 eit
126 745 284 822 Christus,
311 733 581 829 immolaturque
603 735 760 830 quotidie
779 736 814 807 in
837 736 937 807 altari
960 738 961 743 ’

60 852 259 924 comeditur
283 877 387 923 verus
414 876 526 945 agnus
548 849 738 946 paschalis:
766 853 874 946 „Qui
899 881 936 926 se

59 967 179 1064 ipsum
209 968 272 1040 tibi
290 968 360 1040 dat
389 994 462 1038 non
490 967 686 1057 videndum
714 971 848 1056 modo,
874 971 937 1042 sed

58 1085 301 1179 tangendum,
329 1085 611 1171 comedendum,
642 1084 739 1174 intus,
766 1086 937 1183 accipien·

59 1201 203 1285 dumf‘,
250 1201 402 1273 Cuinam
430 1227 593 1298 persuaso
618 1202 662 1272 de
691 1203 857 1290 veritate,
886 1203 937 1275 di·

10 1312 18 1389 '.
59 1318 277 1413 vinitateque
307 1318 488 1413 utriusque
518 1319 714 1391 testamenti
745 1320 790 1392 V.
824 1339 859 1391 et
887 1317 936 1396 N.

10 1432 13 1455 ¹
59 1435 283 1531 paradoxum
315 1434 497 1523 videatur,
533 1454 572 1508 ut
603 1436 724 1530 figurae
757 1437 937 1533 tam-per·

58 1552 151 1623 fecte
177 1553 391 1646 respondeat
419 1552 639 1647 figuratum?
679 1553 806 1648 Agnus
838 1553 938 1646 nimi:

39 1693 161 1754 -rum,
199 1680 254 1759 qui
282 1681 396 1738 occisus
425 1691 470 1740 cst
495 1679 534 1739 ob
559 1682 673 1765 origine
699 1681 804 1740 mundi
835 1667 873 1759 o)
903 1661 952 1743 et·

10 1838 17 1852 .
63 1809 177 1880 usque
206 1784 378 1856 adfinem
403 1786 525 1856 mundi
549 1786 787 1858 immolabitur
813 1787 938 1860 sacrifi·

63 1900 119 1973 cio
147 1901 355 1988 incruento,
390 1905 557 2003 cultuque
581 1904 764 1974 latreutico
791 1930 874 1974 vere
904 1924 940 1983 ee,
980 1898 982 1903 ’

64 2017 271 2089 omnimode
295 2017 418 2089 divino
439 2045 503 2114 per
522 2017 638 2088 iesum
663 2017 842 2089 Christum
865 2021 940 2089 uni·

16 2224 23 2233 ἢ
63 2125 221 2228 genitum
252 2134 379 2206 Filium
410 2133 483 2206 Dei
509 2130 669 2206 Verbum
697 2132 940 2222 incarnatum,

10 2260 12 2265 '
63 2249 124 2344 qui
146 2268 201 2321 est
225 2265 335 2345 agnus
360 2249 434 2321 Dei
456 2277 580 2337 verus,
618 2251 744 2346 cuique
775 2252 812 2321 in
842 2249 942 2324 altari

61 2367 247 2438 immolato
268 2368 365 2438 s1mul
388 2392 469 2438 cum
490 2367 594 2440 Patre
617 2390 650 2440 et
671 2367 798 2462 Spiritu
817 2368 938 2439 sancto

64 2483 211 2556 offertur
238 2482 276 2554 in
304 2483 477 2557 Trinitate
499 2486 654 2581 perfecta
675 2483 892 2558 sacrificium.

138 2718 414 2789 Demonstratur
437 2719 616 2791 hincnon
639 2719 798 2815 potuisse
818 2719 941 2803 Deum

66 2831 131 2906 fibi
165 2835 259 2905 hunc
302 2862 375 2906 non
410 2837 557 2908 reddere
596 2836 681 2908 Deo
716 2836 943 2930 verolunice.

66 2951 285 3044 condignum
317 2978 380 3045 per
412 2952 533 3024 Deum
560 2979 707 3040 verum,
747 2953 943 3046 legitimum
986 3014 989 3023 ,

65 3069 220 3150 cultum,
245 3066 471 3162 debitamque
496 3047 669 3140 iustitiam.
714 3067 801 3136 Non
825 3086 946 3160 potest

10 3272 12 3297 Ι
65 3207 141 3252 non
157 3176 259 3254 Deus
278 3183 397 3255 omnia
415 3172 537 3270 facer·
548 3203 691 3279 propter
709 3180 942 3277 semetipsum,

65 3297 164 3370 Sicut
194 3325 279 3393 ergo
310 3300 437 3374 divinae
468 3301 603 3374 iustitire
631 3299 792 3372 satisfecit
820 3302 949 3388 sacrifia.

67 3417 186 3487 cando
219 3443 254 3489 se
289 3445 355 3512 pro
391 3400 494 3489 nobis
526 3421 629 3490 semel
662 3418 697 3488 in
732 3444 856 3502 cruce;
896 3417 944 3491 ito

66 3533 330 3606 maiestati'suae
352 3535 552 3628 condignus
570 3537 683 3605 cultus
701 3534 859 3603 redditur
880 3559 943 3629 per
1041 3604 1047 3615 ,

71 3653 232 3730 eundem,
251 3651 379 3723 Filium
407 3654 530 3740 suum,
556 3653 813 3746 relinquentem
839 3675 879 3721 se
905 3649 949 3721 itt

105 3793 237 3868 napa.
258 3797 312 3852 xr.
334 3808 375 3863 ις.
574 3781 586 3788 “’
688 3782 689 3786 '
754 3785 755 3788 ‘
854 3769 855 3772 ‘
