2474 4568
290 269 334 336 .“
418 277 652 338 ..ε-..ε
932 308 976 379 ¹9

95 431 240 535 Quibus
262 437 300 511 in
322 437 442 513 verbis
467 436 567 533 quod
591 436 718 509 durum
743 451 815 521 est,
842 434 976 532 mitiga·
999 431 1114 496 0¹³⁰!

93 580 152 632 tur
176 557 349 654 parabola
372 556 417 627 de
438 553 654 638 seminante,
683 575 717 626 et
737 553 866 626 semine
891 554 976 626 dum
1022 552 1095 609 ⁰²41·

95 672 193 748 aliud
229 664 358 746 cecidit
390 667 490 745 secus
522 671 637 754 viam,
675 672 779 767 super'
817 666 1131 767 petram,⁸‘t(⁴⁴.

95 792 188 863 inter
210 789 344 886 spinas,-
372 780 467 861 aliud
487 788 525 857 in
548 808 674 859 terram
698 787 863 859 bonam:·
880 790 980 885 quod

98 908 299 1005 explicatur
321 906 359 977 in
385 903 554 1002 parabola
580 904 624 974 de
639 904 804 988 talentis,
835 931 875 978 ac
896 898 983 1002 prac-

97 1025 190 1097 senti
214 1024 260 1095 de
277 1022 422 1095 homine
443 1020 554 1093 nobili
576 1019 665 1092 Filio
686 1019 760 1092 Dei
780 1022 825 1093 ad
839 1023 983 1096 Judaeos
1035 1083 1039 1093 ,

50 1227 53 1232 ,
99 1143 209 1215 misso
235 1139 415 1237 primum,
453 1137 622 1233 deinceps
646 1159 732 1209 vero
764 1138 838 1211 eius
866 1141 985 1213 Evan-

99 1260 195 1355 gelio
222 1259 412 1353 ad0gentes
434 1257 612 1326 translato.
664 1253 737 1326 Ubi
761 1255 884 1343 vides,
908 1260 984 1329 nul⁴

98 1379 167 1448 tam
192 1374 238 1446 de
263 1376 366 1447 servo
387 1397 539 1471 nequam
562 1371 715 1443 criminis
737 1373 814 1445 fieri
835 1375 984 1448 mentio·

99 1519 201 1578 nem,
225 1510 362 1565 tanturn
382 1492 550 1585 neglectae
570 1489 819 1584 negotiationis
837 1490 882 1562 de
900 1516 986 1564 rnna

100 1607 308 1694 commissa,
335 1607 446 1703 gratia
470 1605 603 1678 Christi
627 1607 734 1679 [ervis
759 1608 827 1680 suis
853 1608 985 1682 scilicet

101 1722 283 1800 christiani
314 1722 467 1796 nominis
498 1722 589 1794 data.
656 1722 732 1794 Jam
761 1751 849 1797 vero
881 1723 984 1821 quod

100 1842 263 1940 perfidos
294 1858 329 1912 et
355 1840 504 1911 rebelles
533 1839 673 1911 Judaeos
701 1825 824 1913 attinet
845 1855 985 1915 inimicos

101 1989 184 2033 meos
205 1959 307 2043 illos,
335 1957 396 2052 qui
419 1966 579 2027 noluerunt
603 1984 650 2028 me
675 1983 799 2042 regnare
810 1967 909 2049 super
932 1987 984 2032 se.-

103 2087 249 2148 addncite
282 2085 363 2160 hnc,
402 2070 454 2144 uti
486 2097 635 2158 revera,
671 2072 827 2171 Josepho
857 2075 984 2148 Judaeo

105 2192 185 2289 ipso
217 2192 414 2286 spectatore
444 2188 572 2260 excidii
604 2189 701 2260 urbis
730 2190 986 2287 Hierosolymia

103 2327 196 2381 tanae
224 2298 394 2392 testante,
421 2285 590 2400 contigit,
618 2308 763 2401 quando
788 2309 832 2379 ad
855 2308 987 2383 festum

74 2425 267 2519 ·orrdique
304 2444 473 2494 terrarum
509 2421 733 2517 Vespasiano
772 2422 986 2520 imperatore

106 2522 362 2615 concurrentes
395 2538 509 2609 Judaei
539 2539 772 2615 internecioni
805 2543 884 2614 sunt
914 2542 988 2616 dati

104 2659 160 2732 uti
184 2678 301 2731 textus
328 2655 456 2728 habet:
495 2664 536 2727 Et
556 2664 715 2741 interficite
740 2679 812 2730 ante
837 2687 893 2731 me.
943 2671 987 2732 Et

104 2786 158 2847 his
178 2785 268 2846 dictis
283 2782 489 2864 precedebat,
516 2785 675 2844 ascendens
695 2784 916 2865 Jerosolymom
940 2777 987 2849 ad

105 2891 430 2969 consummandum
454 2888 684 2962 redemtionis
709 2916 802 2988 opus
819 2893 986 2990 flagranti
