2474 4568
380 272 612 361 ΕΞ
863 300 963 377 155,

10 461 23 505 r
71 426 289 526 questionem
312 427 700 522 apostolorum,·quod
724 427 857 524 signum
884 457 934 522 es·
961 425 1081 501 (ΒΑΜ
1135 468 1140 481 =

10 579 21 619 t·
66 566 108 620 ret
129 551 306 617 adventus
331 542 379 616 sui
405 563 439 614 et
462 545 772 616 consummationis
796 546 931 631 saeculi,
964 545 1077 600 CXXX·

11 710 19 723 ·
65 688 135 760 cum
174 661 222 732 eis
261 659 423 732 Christus
460 660 583 754 templi
620 661 933 756 Hierosolymitani
953 664 1095 722 W*

10 826 17 840 -
63 777 352 873 magnificentiam
388 775 639 848 admirantibus
674 798 709 848 et
743 768 934 865 ornatum,

10 942 15 957 ·
62 894 330 991 praenuntiasset
352 911 522 964 venturos
544 892 634 978 dies,
661 891 696 962 in
717 892 936 989 quibusnec

60 1011 144 1105 lapis
170 1012 273 1105 super
294 1008 446 1104 lapidem
470 1009 749 1103 relinqueretur,
776 1011 836 1105 qui
860 1038 936 1083 nou
976 1078 977 1083 ,

60 1127 276 1210 destruatur;
304 1125 474 1218 stmulque
498 1126 566 1196 lata
593 1126 718 1221 populi
738 1118 876 1208 ludoici
898 1127 937 1199 in

60 1241 280 1315 desolatione
303 1240 398 1312 urbis
422 1241 773 1338 Hierosolymitanae,
801 1269 841 1315 ac
862 1240 939 1315 uni·

58 1359 148 1432 versi
170 1358 310 1453 generis
333 1358 477 1428 humaui
499 1356 533 1427 in
557 1359 862 1431 consummatione
882 1362 938 1431 lee-

61 1476 146 1563 euli,
175 1478 401 1570 adventuque
422 1475 485 1546 luo
511 1474 556 1544 ad
582 1474 752 1546 iudicium
776 1476 938 1548 commis·

10 1594 18 1707 l·
60 1619 163 1680 rens,
201 1610 240 1663 ut
272 1591 443 1663 continuo
475 1589 685 1684 vigilemus,
711 1584 935 1690 ¹semperque

10 1710 12 1719 '
57 1708 167 1805 parati
196 1733 371 1813 essemus,
400 1733 465 1778 nos
491 1708 693 1779 obstrinxit.
746 1707 844 1781 Dum
868 1709 937 1807 pri-

57 1852 151 1897 mum
173 1824 328 1895 dixerat:
354 1833 503 1910 Vigilate,
523 1837 599 1916 quia
619 1837 760 1911 nescitis,
778 1837 936 1916 qrralrora

58 1949 206 2012 Dominus
225 1963 325 2012 vester
345 1961 493 2011 venturus
503 1947 565 2027 fit,
593 1968 680 2012 mox
700 1942 835 2019 subdit:
859 1967 938 2016 esto·

62 2079 92 2130 te
106 2068 238 2148 parati,
265 2070 340 2148 quio
365 2084 428 2148 qua
451 2068 571 2128 nescitis
591 2068 668 2127 born
691 2068 786 2128 Filius
805 2041 938 2131 bominis

59 2195 207 2245 oentnrnr
223 2194 284 2258 est,
311 2171 355 2243 ad
374 2171 544 2244 iudicium
564 2200 710 2269 nempe,
734 2175 832 2267 quod
852 2175 935 2245 alibi
968 2252 971 2257 ,

56 2289 119 2361 fibi
148 2314 215 2361 ceu
240 2287 330 2361 Filio
355 2288 508 2360 hominis
533 2316 553 2360 a
577 2290 680 2362 Patre
705 2289 933 2362 commissum

56 2405 162 2480 dicit:
191 2405 517 2501 Abutebanturque
545 2405 669 2477 Ariani
699 2409 782 2479 loco
812 2408 933 2478 Marc.

57 2522 162 2595 XIII.
186 2534 242 2610 3'2.
269 2523 313 2593 de
338 2522 486 2608 iudicio,
515 2522 578 2593 ubi
603 2549 717 2618 neque
739 2523 830 2594 filius
850 2523 936 2595 loire

10 2716 12 2733 Ι
31 2639 150 2712 ‘diem
177 2639 274 2711 illum
297 2638 439 2711 dicitur:
468 2690 488 2725 „
500 2639 613 2731 Quia,
637 2660 817 2711 utcontra
838 2639 937 2711 Aria-

10 2738 12 2745 Ι
58 2783 123 2831 nos
155 2756 404 2852 iuterpretatur
434 2759 551 2829 locum
588 2756 685 2829 illum
716 2756 748 2828 S.
779 2756 938 2831 Athana·

10 2890 15 2943 ἰ
58 2873 146 2958 sius,
165 2873 203 2943 id
221 2874 345 2959 vobis,
364 2871 602 2968 omnibusque
623 2874 708 2945 utile
730 2895 811 2946 erat.
848 2875 936 2947 Haec

61 2988 230 3086 siquidem
266 3009 301 3062 et
331 2990 375 3060 de
405 2980 538 3084 angelis
571 3009 605 3061 et
636 2990 682 3062 de
711 2990 785 3062 lilio
814 2991 936 3062 audire

61 3107 161 3179 vobis
182 3097 353 3179 conducit
376 3128 522 3202 propter
542 3107 678 3179 futuros
699 3107 937 3204 impostores,

64 3243 117 3311 ut,
142 3223 171 3295 si
193 3223 261 3318 ipsi
281 3224 465 3295 doemones
490 3223 606 3316 angeli
628 3223 740 3317 specie
763 3224 936 3312 fimulata,

10 3347 12 3360 '
69 3338 106 3410 de
130 3339 201 3412 fine
226 3340 350 3412 mundi
375 3335 621 3426 disseruerint,
649 3339 697 3411 eis
721 3366 794 3411 uon
820 3342 941 3413 creda·

71 3454 128 3542 tis,
163 3457 295 3554 quippe
329 3457 390 3553 qui
419 3458 517 3530 illum
544 3457 719 3552 ignorent.
792 3457 825 3529 Si
854 3458 937 3531 item

76 3573 281 3646 antichristus
318 3601 354 3646 se
392 3575 468 3670 ipse
500 3575 665 3646 mentitus
696 3572 813 3646 dicat:
856 3576 936 3670 Ego

10 3741 37 3790 m
78 3686 137 3760 lum
157 3690 336 3778 Christus,
356 3713 460 3788 atque
480 3691 525 3762 de
542 3691 603 3761 illo
623 3690 678 3759 die
696 3707 731 3759 et
748 3689 818 3761 fine
837 3690 937 3785 loqui

10 3852 39 3902 ,p
82 3809 300 3901 aggrediatur,
320 3830 358 3882 ut
376 3808 557 3880 audientes
575 3804 745 3900 decipiat,
766 3833 833 3878 vos
851 3829 937 3878 meae

14 3942 39 4020 al
108 3948 132 4023 t)
149 3958 217 4012 Orat.
237 3957 299 4012 III.
320 3967 406 4012 contra
425 3957 535 4011 Arianos
552 3973 577 4008 n.
598 3969 641 4021 49.
665 3955 696 4010 T.
716 3954 742 4008 I.
759 3967 786 4022 p.
808 3961 867 4018 598.
