2474 4568
286 343 290 351 ι
348 341 350 348 ι

844 315 933 385 ,405

55 439 187 544 populi
204 433 359 530 ludoici,
384 470 494 540 ¹quam
513 419 703 541 praesertim
727 463 807 542 post
820 470 937 518 resur·
965 437 1079 501 emur

57 563 254 669 rectionem
276 561 369 659 illius
389 583 655 658 corrumpentes
679 563 862 650 custodes,
890 559 1118 657 detumul-

59 681 183 765 eudem
208 696 394 764 testantes,
420 679 677 765 ostenderunt,
706 699 741 752 et
765 683 936 776 paennlem
952 680 1093 751 W*

58 795 250 869 caecitatem
271 793 408 890 experti
431 797 528 883 sunt,
543 796 698 869 ,Christo
724 817 805 892 post
829 822 939 867 resur·
1047 846 1049 849 -

56 912 253 985 rectionem
298 938 335 983 se
383 938 506 984 eorum
549 913 662 986 oculis
706 913 936 987 subducente.

32 1123 35 1129 ὁ
56 1081 80 1116 ,,
91 1028 206 1117 Nam,
234 1047 274 1102 ut
300 1029 337 1099 in
364 1029 588 1126 apologetico
614 1029 770 1125 loquitur
794 1029 948 1102 Tertuls

56 1147 190 1236 lienus,
213 1171 278 1218 nec
302 1145 359 1219 ille
383 1173 419 1219 se
439 1146 475 1217 in
494 1150 621 1242 vulgus
644 1146 786 1232 eduxit,
811 1172 855 1220 ne
874 1144 939 1216 im-

56 1263 107 1360 pii
137 1290 254 1335 errore
284 1261 536 1350 liberarentur,
579 1283 617 1335 ut
648 1281 683 1333 et
711 1263 823 1348 fides,
859 1289 934 1335 non

55 1380 228 1452 mediocri
251 1379 397 1475 praemio
419 1379 609 1467 destinata,
632 1378 835 1452 difficultate
853 1407 936 1451 con·

56 1516 174 1569 staret.
242 1496 335 1568 Cum
364 1495 542 1594 discipulis
573 1516 689 1569 autem
720 1493 934 1594 quibusdam

56 1615 155 1711 apud
174 1596 356 1694 Galilaeam
374 1614 502 1686 Judaeae
524 1612 706 1710 regionem
726 1615 768 1685 ad
789 1615 935 1708 quadra·

56 1731 154 1826 ginta
170 1731 247 1801 dies
265 1730 357 1825 egit,
381 1731 533 1817 docens,
557 1711 635 1826 quie
654 1733 833 1804 docerent.
850 1809 853 1815 ,
871 1730 932 1803 De
967 1785 971 1794 .
1021 1727 1024 1733 ⁶

56 1848 140 1945 hinc
171 1848 340 1918 ordinatis
376 1846 430 1918 eis-
454 1849 499 1918 ad
530 1847 683 1920 officium
718 1848 938 1943 praedicandi

55 1990 119 2061 per
142 1963 289 2048 orbem,
316 1963 524 2035 circumfusa
547 1963 640 2035 nube
664 1964 700 2032 in
727 1968 858 2034 coelum
882 1983 934 2052 est

57 2105 207 2177 ereptus.
262 2080 316 2152 Ea
330 2078 460 2150 omnia
485 2081 589 2174 super
613 2078 757 2150 Christo
779 2079 935 2166 Pilatus,

56 2218 92 2270 et
115 2199 192 2292 ipse
213 2196 280 2267 iam
301 2223 366 2292 pro
389 2199 448 2267 sua
471 2195 686 2268 conscientia
706 2195 933 2284 christianus,
1046 2220 1052 2230 ·

56 2313 176 2385 caesnri
203 2333 287 2385 tunc
314 2313 466 2386 Tiberio
494 2312 676 2386 nuntiavit.
692 2314 714 2351 “
762 2312 815 2383 At
840 2300 954 2384 eninr

57 2433 133 2502 erat
156 2429 245 2501 fides
270 2429 446 2516 Romam,
484 2457 557 2502 non
589 2455 654 2526 per
678 2428 867 2517 iniustum,
895 2450 936 2502 ac

55 2545 236 2643 perfidum
258 2545 408 2656 iudicem
430 2546 603 2634 Pilatum,
624 2547 688 2619 sed
707 2573 771 2644 per
795 2567 938 2642 aposto·

55 2648 110 2736 los
126 2689 184 2736 „ex
203 2663 469 2736 <resurrectione
500 2662 633 2737 Christi
659 2664 697 2736 in
727 2664 798 2736 fide
824 2664 938 2735 firma·

56 2797 134 2869 tos,
154 2780 370 2852 ‘deferendo
434 2778 541 2852 Unde
574 2802 608 2854 et
636 2781 760 2855 Petrus
793 2782 941 2869 fratres,

56 2918 137 2972 cum
165 2897 471 2993 apostolusludae
502 2901 585 2971 loco
614 2896 796 2994 eligendus
823 2918 938 2992 esset,

56 3011 247 3109 allocutus:
281 3023 406 3104 Oportet
433 3043 522 3103 ergo,
549 3014 664 3112 inquit
691 3011 753 3105 o),
782 3043 874 3086 unum
898 3041 945 3089 etc

54 3142 104 3204 Itis
116 3141 233 3229 (uiris,
250 3143 312 3222 ,qui
341 3131 494 3203 nobiscum
507 3141 588 3222 sunt
615 3145 788 3218 congregati
806 3186 814 3202 .
834 3187 842 3202 .
862 3186 870 3202 .
896 3152 940 3201 te·

55 3272 135 3322 stem
164 3259 391 3320 resurrectionis
418 3261 483 3320 eius
511 3261 661 3321 nobiscum
682 3256 754 3334 fleri
781 3275 874 3317 unum
900 3252 952 3319 (τ’
1013 3286 1015 3290 >

53 3377 138 3450 istis.
174 3363 286 3437 Era-nt
303 3384 386 3458 tunc
400 3371 575 3455 stmulfere
591 3376 849 3452 centum‘oiginti.
886 3362 943 3437 D.
1038 3347 1040 3352 .

56 3479 191 3554 Paulos
217 3500 381 3570 testatur,
414 3482 530 3556 visum
549 3508 633 3573 ,esse
667 3483 846 3555 Christum
869 3492 942 3572 plus
1035 3480 1039 3490 “

56 3625 156 3692 quom
180 3611 353 3689 quingentis
370 3608 529 3693 frutribus
542 3606 639 3686 stmul
659 3597 706 3686 b).
756 3599 880 3671 Fuisse
902 3624 945 3670 sc
1006 3642 1008 3647 ·

10 3721 17 3747 ²
54 3741 171 3811 unum
198 3740 243 3808 ex
268 3710 342 3785 istis¹
368 3713 399 3785 St
427 3714 582 3808 Ignatius
609 3715 669 3787 M.
693 3715 728 3784 in
755 3715 866 3810 Epist.
891 3714 942 3804 nd·

57 3831 258 3930 Smyrnaeos
285 3858 318 3902 n,
343 3857 373 3904 2.
404 3850 567 3902 testatus:
596 3830 710 3924 „Ego
733 3833 844 3917 euim,
872 3831 940 3919 ait,

95 3975 126 4050 e)
146 3979 314 4062 Act.I.e·1.
392 3974 467 4047 l)I.
490 3975 546 4037 Cot.
568 3977 684 4034 Χῐῖὄὓ
775 4019 777 4023 .
