2474 4568
902 306 984 382 429²

96 448 198 523 rum,
224 435 261 507 in
282 461 355 532 quo
376 435 538 509 Christus
559 456 632 509 tum
655 438 744 534 saepe
762 428 867 526 alias,
895 467 973 512 cum
1004 432 1120 501 ΟΜ

97 553 262 653 proxime
289 573 369 633 ante
397 554 598 649 passionem
622 555 880 628 ardentissimas
903 558 1146 652 pre-CLXXXI!
1186 596 1187 603 κ

97 698 157 744 ces
186 691 220 743 et
248 674 418 766 lacrymas
451 671 496 742 ad
526 670 664 743 Patrem
693 671 862 758 fuderat,
898 679 1138 769 ago-‚ww

98 789 192 859 niam
220 787 321 858 etiam
348 812 558 885 perpessus,
585 814 664 883 quae
689 810 734 859 ex
757 789 830 860 eius
854 816 982 886 corpo-

97 931 138 976 re
161 904 391 999 sanguineum
416 884 751 991 excivit-sudorem,
778 905 862 983 inde
883 906 984 980 Judae

97 1021 276 1119 proditori
309 1020 506 1116 Judaeisque
539 1021 721 1093 lictoribus
754 1023 889 1095 obvius
926 1049 984 1095 oc*

97 1154 253 1214 currens.
306 1137 347 1209 In
370 1137 542 1212 Bethania
562 1164 650 1209 vero
673 1139 841 1218 Lazarum
866 1139 910 1212 ad
932 1139 986 1211 vi·-

97 1278 168 1329 tam
190 1254 396 1340 revocavit,
419 1254 663 1350 proximisque
682 1276 762 1327 ante
780 1255 981 1350 passionem

59 1456 61 1461 ι
98 1373 223 1444 diebus
255 1371 501 1468 pernoctavit,
532 1391 570 1443 ut
597 1372 680 1443 inde
706 1373 751 1443 ad
777 1373 916 1445 Patrem
944 1374 981 1445 in

98 1494 225 1562 coelum
257 1489 372 1560 redire
404 1489 716 1576 volueritamde
751 1490 907 1587 perrexit
926 1490 983 1585 ad

97 1607 310 1704 passionem.
362 1604 530 1678 Refertur
551 1606 588 1677 in
609 1627 694 1678 nota
713 1606 757 1678 ad
781 1611 923 1679 allatum
947 1607 980 1680 S.

97 1724 223 1821 Cyrilli
246 1727 365 1795 locum
389 1722 534 1795 testibus
554 1723 585 1795 S.
608 1722 759 1795 Paulino
780 1721 927 1797 Nolano
946 1743 984 1797 et

97 1841 247 1937 Sulpitio
278 1839 411 1912 Severo
445 1837 512 1929 a),
548 1841 584 1910 in
615 1830 799 1927 Ecclesia,
837 1842 874 1913 in
909 1842 981 1914 hoe
1019 1912 1024 1919 .

95 1979 222 2031 monte
238 1956 453 2029 ascensionis
474 1955 667 2041 aedificata,
692 1957 842 2052 vestigia
862 1957 982 2030 Chris

96 2077 123 2147 ti
150 2076 304 2171 pedibus
332 2073 430 2144 lrnmi
455 2072 566 2143 infixa
593 2072 800 2168 pavimento
825 2093 981 2145 conster-

91 2193 133 2262 -ni
159 2212 232 2263 non
259 2192 442 2286 potuisse,
468 2192 551 2261 loco
574 2189 610 2258 in
635 2189 684 2260 sui
705 2188 846 2286 cespitis
864 2182 984 2286 specio
1079 2280 1083 2289 Ι

95 2308 200 2380 viridi
218 2326 457 2404 permanente.
501 2306 550 2378 Et
565 2307 596 2377 S.
612 2305 855 2402 Augustinus,
877 2358 899 2390 „
911 2307 981 2396 ibi,
1063 2286 1076 2313 ι’

98 2425 147 2497 ait
175 2421 238 2514 b),
271 2425 351 2496 sunt
378 2423 523 2519 vestigia
557 2421 654 2509 eius,-
689 2425 802 2497 modo
832 2425 982 2496 adoran*

97 2561 181 2628 tur,
205 2540 267 2612 ubi
289 2539 481 2627 novissime
504 2539 619 2628 stetit,
645 2541 741 2612 unde
764 2541 981 2615 ascenditur

101 2662 254 2744 coelum3
280 2658 325 2730 ad
351 2677 475 2754 gentes
501 2677 619 2731 autem
643 2652 814 2730 misit“*

175 2882 418 2966 Observatum
448 2879 493 2968 ab
524 2878 776 2992 interpretibus
807 2907 892 2998 est,
914 2890 984 2992 pria
1051 2981 1054 2985 ,

100 3038 198 3084 mum
220 3011 254 3081 in
270 3011 481 3084 ascensione
504 3012 724 3089 Christnm'a
744 3012 812 3085 suis
833 3011 985 3109 discipu·

100 3129 144 3201 lis
174 3129 359 3200 adoratum
387 3129 480 3223 legi,
509 3130 557 3202 ob
585 3130 788 3201 familiarem
817 3130 983 3203 nimirum

99 3270 204 3318 antea
226 3271 306 3318 cum
329 3245 417 3331 illis,
445 3271 511 3317 ceu
533 3246 722 3317 humanam
744 3245 985 3318 conversatio·

99 3389 209 3448 nem,
236 3362 338 3444 etiam
366 3361 598 3456 quadraginta
619 3362 685 3435 iltis
710 3384 795 3459 post
815 3349 987 3438 resurrec-

101 3477 236 3552 tionem
260 3478 409 3566 diebus‚
438 3479 567 3574 quibus
594 3507 722 3577 nempe
744 3500 783 3554 ut
805 3481 898 3564 idem
918 3482 987 3553 Lu-

97 3612 161 3668 cas
187 3595 370 3683 meminit,
396 3616 427 3667 et
445 3607 575 3686 prebuit
601 3628 631 3669 se
656 3610 757 3688 ipsum
782 3611 892 3671 vivens
910 3617 988 3688 post

96 3725 274 3806 passionem
295 3720 393 3801 fitam
427 3724 460 3782 in
489 3725 594 3786 multis
624 3728 809 3800 urgtrmentr‘s
835 3744 892 3806 per
922 3714 987 3787 dict

139 3888 172 3963 a)
189 3892 273 3961 Epist.
292 3891 406 3947 XXXI.
423 3911 448 3948 n.
466 3910 492 3960 4.
531 3893 587 3948 Suc.
606 3893 678 3948 Hirr.
694 3892 725 3948 l.
745 3893 788 3947 ΙῙ.
807 3913 828 3947 e.
848 3905 891 3961 48.

175 3975 206 4049 b)
228 3978 273 4032 Tr·
296 3978 419 4034 XLVII.
439 3982 466 4033 in
483 3980 528 4067 [ο.
546 3995 572 4034 a.
592 3994 618 4047 4.
640 3981 991 4064 11¹.·III.P.JI.p.tosr

972 4127 992 4171 Θ
