2474 4568
131 420 282 500 Postera
306 425 566 524 quamprimum
594 427 653 501 die
683 424 756 523 (ne
779 427 866 526 quid
889 430 934 502 de
959 426 1080 491 CAPU'F

55 542 182 618 Lazari
211 543 257 617 ad
286 543 395 618 vitam
423 543 650 619 revocatione
680 543 824 635 dicam)
856 567 938 643 post
963 547 1076 606 cxvss.

56 659 310 757 triumphalem
327 660 364 733 in
382 660 506 734 urbem
519 659 735 757 ingressum,
754 663 1095 737 accesserurrtfftlffi‘¹

56 788 102 850 ad
125 791 305 867 cumcaect',
341 799 373 850 et
394 788 498 848 claudi
526 790 559 848 in
585 789 720 870 templo,
754 799 786 852 et
804 788 940 868 sonavit

57 923 110 968 ror
139 888 204 984 a),
238 893 442 968 videntibus
472 893 690 992 principibus
719 895 942 974 sacerdotum

58 1032 96 1085 et
117 1010 238 1084 scribis
260 1023 435 1100 mirabilia,
462 1040 525 1105 qua
537 1022 639 1102 fecit:
671 1032 704 1085 et
724 1012 792 1084 iam
813 1011 943 1087 iterum

58 1151 218 1226 quaerere
249 1130 404 1217 audent,
440 1149 476 1202 et
500 1130 725 1227 interpellare
752 1131 943 1204 docentem

58 1245 98 1317 in
120 1236 288 1345 templo,⁸
301 1257 333 1316 in
356 1271 420 1337 qua
434 1268 592 1336 potestate
608 1257 667 1318 trac
679 1232 791 1335 focis?
815 1257 944 1340 Ecquis

59 1373 118 1434 tibi
141 1373 228 1434 dedit
253 1371 332 1433 trane
352 1372 571 1451 potestatem?
611 1362 732 1455 Quem
757 1346 941 1436 inlocum

61 1477 95 1554 S.
118 1477 362 1574 Hieronymus
390 1475 587 1566 „Poteram
626 1479 744 1552 scribit
766 1476 828 1568 b),'
863 1478 944 1552 Do·

59 1583 179 1667 minui
213 1612 333 1690 aperta
366 1594 599 1691 responsione
639 1614 852 1668 tentatorum
887 1621 943 1669 ca·

59 1708 231 1785 lumniam
259 1709 463 1797 confutare3
489 1713 550 1784 sed
575 1713 771 1808 prudenter
794 1711 945 1784 interro·

60 1847 144 1924 gat,
165 1812 221 1899 ut
245 1824 310 1899 suo
336 1826 404 1923 ipsi
424 1831 483 1901 vel
502 1826 656 1916 silentio,
690 1832 749 1902 vel
769 1827 944 1902 sententia
987 1820 992 1830 i

61 1936 357 2018 condemnentur.
369 1945 391 1982 “
448 1944 593 2017 Poterat
620 1944 762 2042 utique,
789 1965 829 2018 ut
852 1940 949 2017 fece?

63 2081 115 2134 rat
137 2061 259 2158 prius,
292 2060 338 2132 ad
365 2086 476 2158 opera
502 2064 585 2148 sua,
621 2087 700 2156 quac
727 2087 834 2133 nemo
856 2061 944 2134 alius

64 2203 225 2274 unquam
254 2177 512 2273 prophetarum
545 2180 695 2264 fecerat,
730 2160 942 2275 provocare.

64 2293 133 2367 Sed
157 2293 249 2367 ficus
274 2293 343 2366 iam
367 2315 440 2388 erat
461 2294 630 2368 arefacta:
658 2291 728 2365 iam
747 2293 876 2365 securis
898 2293 945 2365 ad

10 2456 13 2499 ;
65 2410 229 2484 arborem
256 2408 375 2507 posita
404 2393 499 2484 erati:
539 2410 608 2481 iam
637 2411 802 2483 excaecati
829 2434 961 2482 caecos·

64 2527 218 2624 primum
247 2527 325 2601 heri
353 2528 591 2615 illuminatos,
628 2526 845 2623 claudosque
876 2553 947 2600 am·

65 2644 230 2718 bulantes
258 2645 326 2743 ipsi
351 2626 479 2742 apertis
507 2643 643 2732 oculis,
678 2645 864 2742 plenoque.
889 2643 948 2716 die

66 2787 141 2834 non
162 2752 345 2837 videbant.
388 2761 499 2858 Igitur
522 2761 684 2834 Christus
708 2761 947 2858 provocando

10 2910 17 2983 t
67 2878 109 2950 ad
131 2879 196 2951 sua
219 2904 328 2978 opera
350 2905 392 2952 ac
416 2879 584 2954 miracula
605 2881 752 2967 frustra,
779 2898 820 2952 ut
844 2877 947 2970 alias,

12 3008 15 3079 ξ
69 2995 198 3070 fuisset.

142 3226 241 3301 Vide
271 3227 401 3326 igitur,
442 3246 478 3300 et
508 3225 679 3300 admirare
714 3228 870 3303 divinam
902 3229 952 3302 sa·
997 3216 999 3221 Α

71 3344 262 3441 pientiam:
289 3346 478 3442 quomodo
500 3370 561 3418 eos
588 3344 867 3443 interrogatione
890 3347 953 3420 fua

73 3461 217 3559 stringat
247 3463 292 3536 de
321 3452 498 3561 baptismo
528 3461 697 3565 ioannis:
738 3463 825 3536 nihil
857 3488 953 3560 opus

76 3600 123 3652 est
146 3579 287 3668 dicere,
312 3579 378 3677 ipsi
400 3579 579 3676 angustias
598 3572 675 3652 suas
699 3581 877 3678 produnt,
905 3579 952 3651 ad
1058 3640 1064 3651 .
1117 3675 1119 3679 .

77 3719 158 3793 quas
174 3698 257 3769 sunt
272 3697 422 3771 redacti:
446 3709 480 3769 Si
497 3710 666 3771 dixerimus
684 3724 700 3768 e
720 3705 808 3784 celo,
832 3676 950 3785 aiunt,
1037 3756 1044 3794 ‚

108 3873 139 3947 ι)
156 3876 259 3932 March.
280 3877 365 3932 XXI.
387 3892 429 3946 14.
531 3874 562 3948 b)
580 3879 639 3936 zib.
658 3875 720 3944 III.
739 3879 770 3932 in
787 3889 842 3947 cap.
864 3870 949 3932 XXI.

138 3957 242 4016 March.
264 3957 297 4014 Τ.
316 3957 372 4015 IV.
387 3969 416 4030 p.
437 3971 497 4015 100.
775 3998 777 4002 .
