2474 4568
316 283 390 356 208
641 270 873 333 -·-““““---““·“

171 427 287 492 0³⁰1
315 429 424 500 fieret.
464 425 576 500 Venit
600 425 705 521 igitur
733 452 778 498 ex
805 426 919 500 libero
942 426 1134 526 proposito
1156 430 1200 502 ad

150 535 302 588 cxxxvn·
315 545 534 643 passionem,
561 543 721 640 gaudens
740 545 785 614 de
805 541 938 618 eximio
958 573 1088 644 opere,
1110 551 1201 620 laeta·

162 635 461 734 Wbundus'
482 662 528 734 de·
549 681 704 746 corona,
732 641 993 757 plaudens'fibi
1016 665 1062 734 de
1087 663 1200 736 homi·

314 781 557 852 numialutei
581 770 731 850 'erucem‘
754 794 828 849 non
852 768 1083 867 erubescetis,
1112 782 1199 854 salu·

312 917 385 969 tem
413 894 507 967 enim
535 892 643 967 dabat
670 879 762 965 orbi·
832 892 962 990 Neque
992 897 1086 968 enim
1116 898 1197 972 vilis

313 1033 388 1085 erat
411 1013 540 1098 homo,
564 1012 625 1107 qui
645 1008 864 1109 patiebatui‚
885 1013 946 1084 sed
966 1011 1071 1087 Deus
1093 1014 1199 1088 inhu-

312 1147 472 1202 manatus
508 1128 623 1224 deque
658 1115 870 1199 obedientiae
900 1130 1046 1226 praemio
1079 1131 1197 1204 decer·

312 1267 399 1318 tans.
412 1247 434 1284 “
484 1243 517 1317 S.
541 1233 734 1316 Anselmus
755 1243 815 1316 lib.-
841 1245 869 1315 l.-
899 1257 957 1316 Car
979 1255 1065 1319 Dens
1087 1258 1194 1336 homo,

310 1364 408 1435 iactae
433 1361 495 1434 srbi
525 1387 601 1459 cap.
629 1361 662 1437 8.-
695 1350 891 1432 obiectioni
917 1362 962 1434 de
990 1364 1194 1438 obedientia

313 1477 445 1551 Christi
474 1478 695 1576 respondens
725 1477 886 1550 Bosonit'
921 1479 1043 1566 „Non
1078 1483 1192 1569 bene,

309 1595 425 1692 inquit
450 1593 510 1686 a),
544 1593 715 1668 discernis
738 1593 830 1668 inter
854 1585 925 1668 hoc'
938 1653 947 1682 ,
985 1599 1087 1693 quod
1113 1597 1192 1672 fecit

312 1714 476 1809 exigente
505 1703 735 1797 obedientia5
761 1731 797 1783 et
824 1713 922 1808 quod
951 1714 1014 1786 srbi
1040 1716 1190 1802 factum,

310 1830 394 1926 qitia
426 1829 576 1903 servavit
611 1819 880 1916 obedientiam
917 1818 1083 1903 sustinuit
1118 1857 1190 1904 non

306 1947 475 2042 exigente
507 1944 763 2018 obedientia-‘⁶
829 1947 994 2044 Explicat
1021 1948 1187 2047 deinceps

308 2090 383 2136 rem
402 2089 447 2135 ex
465 2084 577 2162 apost.
597 2062 687 2138 Phil.
710 2063 753 2134 lli
779 2072 894 2135 Factae
914 2076 1117 2137 est'obediens
1133 2087 1186 2138 etc.
1231 2151 1233 2178 Ι

308 2192 477 2272 Propterea
500 2192 659 2255 exaltavit
680 2191 768 2251 illam
791 2201 848 2252 etc.
899 2181 948 2254 Et
970 2207 1016 2254 ex
1044 2181 1108 2256 illo
1133 2182 1186 2254 Ps.
1229 2210 1233 2294 p

283 2363 287 2372 .
308 2293 410 2373 CIX.
436 2309 484 2369 De
508 2320 641 2380 torrente
665 2310 699 2368 in
718 2307 897 2386 viabibet,
917 2319 1088 2390 propterea
1108 2302 1189 2372 er'tal·
1231 2303 1233 2308 ’

192 2434 194 2439 “
232 2488 236 2498 ,
307 2431 394 2489 tavit
419 2436 523 2508 caput.
1111 2416 1116 2431 ‘

282 2623 288 2639 s
322 2679 325 2684 ·
386 2638 482 2748 Ipsi,
529 2650 658 2745 q'uibus
699 2652 890 2726 crucifixus
927 2650 1070 2725 stultitia
1109 2652 1186 2738 est}

303 2898 410 2978 quani
440 2882 591 2956 maxime
620 2885 863 2974 celebrantur,
899 2885 959 2981 qui
980 2879 1092 2957 vitam
1119 2911 1184 2984 pro

302 3003 410 3073 salute
429 2988 553 3098 patriae'
573 3024 794 3100 exponentes
812 3004 963 3076 victores
982 3001 1184 3074 extiterunt.

301 3109 566 3216 Apostolorum
583 3111 728 3193 nomine·
741 3121 890 3194 Paulus:
915 3132 996 3204 Nos,
1011 3116 1184 3222 inquito),

294 3242 501 3327 pradieamat'
526 3224 678 3311 Christum
698 3234 896 3325 crucifixum,
923 3246 1037 3318 Judais
1062 3246 1188 3327 quidem*

289 3362 502 3446 scandalum,
543 3367 686 3427 Gentibus
710 3380 787 3453 oero'
801 3349 994 3440 stultitiam:
1031 3363 1109 3442 ipsis
1129 3381 1185 3422 aa·

216 3519 219 3523 »
242 3493 245 3500 ·
300 3491 361 3542 tem
384 3483 506 3541 vocatis
525 3479 640 3550 ,Iudeis
661 3486 756 3561 atque
782 3468 928 3542 Gentibas'
951 3480 1104 3541 Christum
1127 3478 1188 3541 Dei

206 3577 208 3583 ’
297 3597 469 3672 virtatem
496 3602 525 3660 et
543 3588 758 3678 sapientiam,¹
785 3605 890 3683 quant
919 3600 1051 3681 nempe*
1079 3584 1184 3658 Deus

299 3729 380 3777 eum
400 3702 570 3777 immensa
590 3704 807 3800 benignitate
826 3708 884 3778 sua
909 3725 944 3778 et
960 3703 1090 3775 iustitia
1112 3722 1183 3776 tam

302 3819 429 3895 eximie
450 3819 487 3889 in
511 3822 732 3931 redemtione
749 3825 904 3913 humane¹
920 3813 1028 3921 plene*
1050 3818 1185 3897 coelesti

332 3962 364 4038 e)
382 3967 448 4037 Pag.
468 3960 527 4037 77..x
592 3963 622 4036 l)
641 3969 668 4025 Ι.
689 3971 749 4027 Cor}-
