2474 4568
423 294 661 336 *“

423 338 654 360 W*
935 329 974 376 Η

95 449 188 530 nihil
225 452 354 526 horum
390 435 655 547 intelligebam,
695 452 756 528 sed
794 441 979 550 tantopere
1007 442 1124 509 cm

96 568 281 669 mentibus
300 596 423 642 eorum
446 569 624 642 insederat
639 569 792 664 vulgaris
814 571 858 642 de
876 571 980 642 Mes·
1034 564 1093 620 CX·

97 689 159 758 siae
190 687 303 782 regno
336 708 477 759 terreno
513 687 661 783 opinio,
703 707 742 758 ut
769 689 845 760 haec
876 675 1148 763 eausam·

97 803 205 881 fuerit
238 805 498 891 contentionis,
539 806 771 899 quinorum
799 805 981 877 videretur
1027 887 1031 896 ,

100 948 178 994 esse
212 920 325 1019 maior
357 918 448 993 inter
483 925 690 1018 apostolos,
731 943 766 994 et
797 922 980 1019 petitionis

98 1039 221 1115 matris
242 1038 396 1110 filiorum
420 1039 604 1125 Zebedaei,
629 1060 668 1111 ut
685 1039 761 1136 ipsa
781 1040 899 1112 matris
919 1066 980 1136 pe·
1075 1077 1077 1082 ⁴

97 1154 178 1228 titio
205 1155 348 1250 prodit:
387 1164 504 1226 Dicat
518 1164 651 1243 sedeant
676 1167 709 1226 nt
736 1167 796 1228 dno
811 1165 874 1243 filii
899 1149 979 1243 mei,

99 1301 179 1344 unns
210 1283 255 1343 ad
279 1283 573 1359 dexteritatem,
601 1296 631 1345 et
658 1285 737 1345 alter
762 1283 806 1345 'ad
818 1280 981 1359 finistrom
1020 1345 1022 1350 .

98 1401 133 1466 in
168 1417 260 1473 regno
294 1411 357 1459 tuo.
431 1388 505 1459 Jam
538 1389 743 1475 audierant,
789 1390 980 1463 duodecim

97 1508 288 1601 apostolos
317 1506 472 1576 sessuros
503 1507 607 1600 super
638 1508 735 1578 sedes
763 1507 978 1595 duodecim,

99 1642 134 1693 et
160 1619 375 1695 iudicaturos
407 1621 597 1694 duodecim
626 1623 737 1698 tribus
765 1624 894 1710 Israel,
931 1651 984 1698 ex.

97 1739 229 1834 quibus
258 1739 384 1834 primas
414 1740 626 1818 affectabant
655 1741 776 1823 fratres
806 1743 979 1829 Jacobus,
1061 1784 1063 1791 ·

87 1855 320 1942 eridanum,
340 1882 456 1950 eoque
474 1857 597 1936 maiori
617 1857 767 1946 fiducia,
793 1859 982 1953 quodiam

97 1959 180 2045 eum
212 1971 319 2046 Petro
345 1999 415 2069 pne
441 1973 574 2051 caeteris
602 1976 745 2048 assumti
774 1995 909 2063 essent,
938 1989 981 2056 ac

96 2089 253 2184 primum
291 2116 387 2162 nunc
424 2091 544 2164 nuncii
578 2093 744 2188 praemissi
780 2093 816 2164 in
856 2093 982 2165 itinere
1038 2147 1040 2149 -

98 2205 412 2302 Hierosolymam,
454 2188 514 2287 ubi
544 2234 692 2304 regnum
730 2209 879 2300 Messiae
909 2211 980 2282 iam

98 2323 366 2420 stabiliendum,
393 2325 429 2394 in
449 2325 603 2396 animum
621 2325 846 2397 induxerant.
891 2325 992 2411 „Via

101 2441 236 2542 debant
255 2467 292 2512 se
312 2467 384 2537 prae
404 2441 496 2526 aliis,
522 2444 601 2512 sunt
615 2442 727 2513 ¹verba
746 2442 777 2513 S.
796 2443 848 2514 Jo.
869 2442 984 2540 Chry·

99 2559 253 2631 sostomi
284 2555 347 2647 a),
384 2557 421 2627 in
453 2559 592 2632 honore
624 2585 721 2646 esse,
748 2563 799 2630 ¹et
832 2560 984 2636 hineso
1044 2601 1046 2606 ·

96 2675 311 2772 petitionem
359 2668 630 2747 consecuturos
660 2702 735 2748 esse
770 2677 981 2772 sperabant.
1055 2718 1058 2723 ·

97 2793 169 2864 Sed
193 2792 279 2887 quid
303 2793 456 2889 petunt?
485 2793 588 2864 Audi·
603 2794 709 2866 aliurn
732 2795 984 2890 evangelistam
1043 2782 1045 2786 .

96 2910 170 2982 boc
193 2913 285 2981 clare
304 2909 552 3006 explicantem.
592 2910 705 3004 Quod
725 2908 837 2997 edim,
855 2910 983 3006 inquit,

99 3053 217 3124 prope
257 3027 515 3123 Jerosolymam
546 3047 699 3113 essent,
731 3016 983 3123 ¹putarentque

97 3170 250 3240 regnum
273 3141 345 3215 Dei
369 3144 507 3214 iamiam
527 3142 760 3215 revelandum
786 3170 888 3229 esse,
903 3146 981 3219 haec

97 3263 340 3358 postulabant.
409 3258 670 3332 Existimabam
704 3261 798 3331 enim
832 3286 984 3356 regnum

98 3377 190 3451 illud
208 3406 322 3475 prope
343 3405 440 3464 esse,
469 3377 587 3449 etiub
609 3379 747 3451 sensum
770 3379 916 3467 cadere,
941 3405 985 3451 ac

92 3521 141 3593 „ae
170 3497 271 3591 quod
299 3496 468 3592 petebant
496 3496 601 3570 semei
630 3517 861 3582 consecutos,
884 3495 983 3568 ‘nihil

101 3613 199 3686 triste
217 3639 380 3709 passuros
398 3639 492 3685 esse:
516 3640 633 3709 neque
655 3613 748 3684 enim
769 3613 857 3685 illud
875 3628 982 3710 prop·

103 3749 156 3801 ter
185 3731 256 3802 hoc
274 3721 406 3825 'ipsum
422 3723 425 3728 ’
442 3750 590 3825 tantum
612 3731 804 3826 petebant,
848 3729 907 3802 sed
936 3743 987 3802 'ut

105 3872 275 3922 aerumnas
304 3847 465 3922 vitarent.
478 3849 499 3891 ‘⁶
572 3847 671 3940 Quid
701 3845 789 3920 vero
817 3845 982 3922 Christus

139 3990 168 4066 a)
184 3989 262 4049 Ho'm.
275 3962 365 4050 LXV.
382 3997 410 4048 in
425 3995 527 4051 Matris.
541 4016 567 4050 n.
584 4012 609 4050 2.
630 3996 662 4049 T.
683 3993 749 4052 VII.
763 4007 791 4062 p.
806 3997 866 4060 ⁶45·
933 4008 936 4017 “
