2474 4568
178 423 292 512 Cttvt
319 423 365 495 ad
402 419 596 494 iudicium:
642 421 687 492 de
724 447 837 515 regno
873 420 979 496 Israel
1013 439 1099 497 tune
1128 443 1201 521 'per

149 543 296 609 ,cxxvt
320 541 503 612 Christum
528 538 726 623 Messium,
765 537 875 633 pulsis
912 539 1113 627 Romanis,
1146 569 1199 614 re·

160 665 301 722 W*
319 658 498 731 stituendo
526 655 631 727 unice
655 654 834 759 mentions
862 655 1118 729 obversabatur
1140 684 1200 730 co·

214 864 228 910 Ι

315 775 458 872 gitatio,
485 773 541 845 cui
568 772 650 843 ideo
672 770 863 845 destructio
889 773 985 844 urbis
1010 755 1087 845 ndn
1113 799 1200 845 con·

315 890 489 987 gruebat,
528 915 592 960 nec
616 890 725 960 fatum
750 888 864 982 gentis
890 887 1069 976 Judaicae,
1097 890 1199 987 quod

315 1007 497 1102 hodieque
536 1005 655 1091 subit,
696 1003 878 1100 nobisque
916 1004 1115 1079 sermonem
1153 1008 1198 1080 de

318 1124 459 1196 excidio
493 1122 588 1213 urbis
618 1141 653 1192 et
679 1120 774 1216 orbis
800 1141 870 1192 tam
900 1125 1036 1194 clarum·
1060 1143 1097 1196 et
1122 1150 1200 1221 pet-

315 1242 477 1336 spicuum
505 1239 641 1324 reddit,
669 1238 756 1333 quin
784 1235 1022 1310 confundatur
1047 1259 1199 1336 uterque

316 1359 572 1442 luceremus,
612 1373 725 1426 totum
757 1352 872 1441 illud,
917 1380 957 1426 ac
988 1355 1198 1453 integratam
1215 1421 1228 1439 ‚t

317 1473 568 1572 prophetiam,
604 1470 906 1543 abominationem
936 1471 1068 1545 scilicet
1098 1476 1219 1547 deso?

213 1608 221 1622 '
259 1632 263 1639 ·
319 1590 460 1674 lationis
487 1591 536 1662 ob
560 1592 688 1661 oculos
713 1590 910 1684 ponendo,
947 1608 1054 1683 prout
1080 1615 1101 1661 a
1127 1589 1198 1664 Da·

318 1709 410 1781 niele
438 1705 616 1803 propheta
641 1706 848 1777 adumbrata
872 1708 1009 1791 fuerat,
1037 1708 1082 1779 ad
1108 1734 1197 1780 eam.

318 1852 389 1922 que
413 1825 575 1896 Christus
603 1843 779 1917 provocat
803 1821 938 1895 Matth.
965 1823 1111 1897 XXIV.
1144 1847 1193 1914 ις.
1224 1910 1229 1919 ρ

321 1955 394 2013 Cam
425 1969 494 2026 ergo
520 1950 662 2038 videritis
692 1948 949 2012 abominationem
980 1951 1196 2028 desolationis,

315 2085 381 2153 prat
400 2069 485 2130 dicta
509 2079 555 2130 est
577 2085 598 2128 a
622 2065 751 2128 Daniele
770 2069 926 2147 propheta
943 2063 1009 2130 'etc
1063 2057 1198 2130 Notan·

319 2179 404 2250 dum
425 2200 533 2260 vero,
559 2194 639 2265 ante
662 2172 737 2246 haec
760 2175 870 2246 verba
891 2173 1092 2246 immediate
1116 2200 1197 2272 prat·
1228 2222 1231 2229 -

317 2292 411 2365 mitti
435 2319 497 2377 ea,
533 2316 611 2387 quae
639 2290 683 2361 ad
717 2288 1060 2362 consummationem
1087 2286 1197 2365 saculi

215 2493 218 2497 ,
318 2410 523 2508 pertinent:
570 2418 611 2478 Et
643 2412 862 2497 praedicabitur
903 2415 959 2478 hoc
998 2416 1197 2494 Euatrgelium

317 2538 453 2610 regatur
478 2537 620 2602 universo
642 2530 734 2610 orbe,
769 2538 801 2595 in
829 2536 1036 2596 testimonium
1062 2537 1197 2597 omnibus

314 2644 476 2727 bentibus:
503 2663 534 2710 et
557 2661 628 2710 tunc
653 2653 758 2711 ueniet
783 2653 1013 2744 consummatio.
1066 2640 1125 2714 Ac
1152 2669 1199 2714 red

317 2783 402 2828 vera
425 2755 597 2827 desolatio
625 2754 681 2825 itta
705 2778 927 2851 perseverat,
955 2757 1198 2857 continuoque

320 2872 433 2945 oculis
459 2861 587 2943 nostris
613 2870 819 2945 obversatur
843 2874 877 2943 in
903 2873 1030 2946 Judaeis
1050 2902 1121 2971 ‚per
1147 2902 1199 2950 or·

319 2987 640 3088 bem'errantibus:
663 2988 813 3085 suntque
834 2991 947 3085 signa,
969 3017 1048 3087 quae
1070 2991 1199 3089 iugiter

318 3133 384 3178 nos
414 3124 544 3177 terrent
571 3125 809 3194 terraemotus,
844 3107 958 3194 bella,
978 3107 1101 3187 tames
1133 3096 1225 3223 etc<

204 3311 213 3322 .
315 3223 426 3295 Simul
450 3221 555 3318 igitur
578 3223 663 3294 dum
688 3222 851 3296 Christus
878 3226 1008 3315 directe
1029 3227 1075 3297 ad
1097 3227 1200 3298 inter*-

318 3338 540 3433 rogationem
568 3339 819 3436 discipulorum
841 3341 886 3411 de
909 3339 1051 3414 excid-ia
1065 3343 1198 3440 -te'mpli

319 3456 530 3552 respondet,
555 3454 679 3526 futuris
702 3453 805 3526 nobis
829 3459 964 3530 cunctis
988 3459 1089 3531 etiam
1116 3466 1199 3547 ton·

318 3572 588 3646 summationem
620 3572 759 3656 saecu-li,
786 3580 840 3646 'ac
875 3574 1044 3648 iudicium
1084 3598 1198 3653 extre·

318 3717 415 3764 mum
437 3688 486 3762 ob
509 3693 633 3762 oculos
656 3689 767 3786 ponit.
