2602 4696
384 315 453 388 188
703 303 933 360 =
998 327 1004 336 “

235 441 350 510 ⁰⁴²⁰*
378 459 502 555 cup's3
536 455 612 555 ipse
641 483 731 530 vero
757 481 794 528 se
817 456 933 552 ipsum
964 453 1028 527 tibi
1058 454 1142 544 dat,
1181 483 1275 531 non

211 565 575 648 CXXXVI·videndum
601 576 735 660 modo,
772 573 832 644 led
859 572 1100 667 tangendum,
1138 599 1275 648 come·

223 679 555 779 wdendum,
582 693 676 762 intus
700 688 986 785 accipiendum.“
1037 687 1088 760 At
1110 689 1185 762 boc
1214 690 1275 788 ip·

379 835 454 882 sum
476 830 546 895 est,
573 809 672 904 quod
694 804 915 901 irreligiosos
930 804 1040 877 nostri
1061 805 1127 878 aevi
1149 832 1272 902 quam

361 903 530 998 *maxime
559 925 731 1010 offendit,
771 942 875 1018 atque
898 921 943 993 ab
974 921 1041 994 illis
1067 923 1182 1019 magis
1214 927 1271 997 sa·

379 1064 595 1114 eramentum
614 1039 685 1113 hoc
704 1039 986 1135 blasphematur,
1008 1063 1110 1134 quam
1135 1040 1268 1136 ipsum

377 1157 629 1231 incarnationis
654 1156 868 1254 mysterium.
901 1156 1083 1250 ,Magnus
1106 1156 1169 1229 ille
1195 1185 1265 1231 ore

326 1359 329 1364 Ι
377 1273 585 1360 hominum,
623 1273 683 1369 qui
711 1271 834 1344 unicus
862 1271 932 1343 dici
954 1270 1022 1344 iam
1048 1273 1178 1368 passim
1209 1277 1268 1348 so·

353 1393 449 1477 let,
476 1389 673 1462 Fridericus
704 1389 880 1462 Borussiae
907 1415 992 1477 rex,
1021 1387 1155 1486 quique
1178 1395 1268 1464 vul·

376 1509 465 1603 gatis
487 1507 556 1579 suis
580 1505 749 1602 operibus
776 1511 888 1580 multo
912 1505 1079 1578 maiorem
1105 1507 1265 1604 stragem

377 1623 569 1697 animarum
597 1643 683 1720 post
709 1644 879 1711 mortem,
915 1649 1020 1719 quam
1047 1621 1152 1696 vivus
1178 1651 1264 1698 cor·

376 1741 708 1838 porumediturus,
743 1740 809 1812 nisi
836 1740 936 1812 nimis
964 1764 1044 1813 cum
1069 1740 1137 1812 fuis
1168 1766 1263 1812 con-

376 1858 530 1930 sortibus
553 1857 746 1953 desiperet,
771 1856 979 1943 videbatur‚
1004 1855 1120 1928 minus
1139 1856 1263 1954 indig-

376 1995 480 2048 natur
500 1975 720 2071 temporibus
749 1973 918 2046 labulosis
932 2023 946 2060 ,·
969 1998 1046 2069 quae
1070 1972 1259 2069 ingentem

357 2093 561 2179 ¹numinum
585 2089 849 2164 multitudinem
871 2094 1115 2186 protulerunt,
1143 2117 1258 2188 quam

373 2209 633 2307 philosophicis
659 2207 749 2294 illis,
778 2208 906 2303 quibus
936 2208 1121 2294 homines,
1148 2229 1190 2281 ut
1219 2229 1255 2282 et

374 2325 497 2398 Deum
529 2329 687 2397 colerent
717 2324 829 2396 crucis
860 2325 1032 2424 supplicio
1061 2325 1255 2414 affectum,
1289 2417 1290 2428 ἵ

375 2464 410 2515 et
436 2469 514 2515 eum
542 2441 604 2537 qui
630 2468 667 2513 se
691 2444 916 2530 vorandum,
942 2461 982 2514 ut
1006 2441 1255 2538 blasphemat,

373 2560 457 2631 dare
477 2558 608 2645 voluit,
634 2558 696 2630 fibi
716 2560 927 2655 persuadere
947 2559 1139 2655 potuerint.
1181 2560 1255 2634 Sed

372 2675 465 2748 enim
496 2703 531 2747 en
555 2687 690 2766 populus
707 2684 858 2765 sopiens,
893 2697 925 2748 tt
949 2686 1138 2764 intelligens,
1176 2707 1254 2763 gens

369 2819 483 2875 magno
506 2788 568 2879 a),
604 2791 873 2865 christianorum
902 2793 1052 2880 scilicet,
1088 2817 1166 2890 quae
1195 2822 1253 2867 or-

367 2907 451 2979 bem
473 2911 606 3003 replet4
635 2908 823 3004 profitetur
846 2899 1089 2983 incunctanter
1111 2909 1248 2999 Deum,

368 3023 431 3120 qui
457 3023 601 3098 indutus
631 3025 815 3097 hominem
840 3026 984 3122 dignam
1013 3055 1049 3100 se
1076 3028 1110 3098 in
1141 3054 1248 3100 cruce

284 3195 286 3202 ·
367 3140 454 3214 Deo
477 3141 605 3214 obtulit
628 3142 800 3228 hostiam,
820 3143 999 3238 reliquisse
1020 3144 1244 3241 semetipsum

365 3257 401 3327 in
425 3245 522 3329 altari
544 3258 647 3331 unice
669 3257 755 3330 Deo
775 3259 924 3355 dignum
950 3260 1169 3332 offerendum
1195 3264 1245 3332 sa-

365 3375 533 3445 crificium
560 3376 603 3444 ad
630 3375 732 3446 unice
760 3377 906 3469 dignum
933 3375 1045 3446 eidem
1072 3377 1244 3449 exhiben-

364 3490 449 3562 dum
474 3492 624 3575 cultum,
640 3492 738 3584 quod
762 3489 836 3562 fieri
858 3495 954 3594 nulla
974 3519 1011 3565 re
1029 3513 1143 3566 creata
1162 3515 1242 3590 pot-

365 3627 437 3676 erat
462 3602 522 3694 b):
556 3617 615 3677 Nec
641 3625 686 3677 est
712 3618 776 3677 alin
803 3621 890 3679 natio
916 3631 981 3704 tom
1003 3622 1148 3698 grandis,
1177 3637 1240 3703 qua

362 3730 475 3793 ualeat
497 3734 567 3793 deos
587 3737 865 3817 appropinquantes
881 3733 959 3815 fili,
977 3733 1060 3813 ficut
1083 3735 1168 3798 Deus
1188 3756 1239 3798 no·

361 3861 425 3910 ster
447 3849 533 3908 adest
556 3855 669 3910 cunctis
693 3852 946 3918 obsecrationibus
973 3857 1094 3916 nostris.
1148 3843 1236 3916 Non

394 3981 425 4054 a)
444 3985 522 4039 Deut.
541 3985 595 4040 IV.
616 3988 641 4041 6.
718 3983 748 4053 l)
767 3989 811 4088 Ila.
828 4007 896 4068 pers.
916 4004 943 4056 7.
