2474 4568
253 272 323 365 362

111 408 225 486 (ΞΛΜ
248 417 285 488 in
326 441 429 488 cruce
465 407 715 494 extendentem
752 413 797 484 ad
832 414 1011 513 populum
1054 438 1136 516 nor,

108 531 228 587 CLXIX.
250 534 482 617 credentem,
512 532 572 601 sed
600 517 907 603 contradicentem*¹
932 515 1025 618 srbi,
1063 557 1123 604 nec

94 645 235 749 W*
249 650 443 746 quidquam
465 649 509 719 de
530 647 684 720 cruciatu
704 648 800 733 suo„
817 647 1051 742 maximisque
1066 639 1122 720 do·

247 767 382 840 loribus
416 782 718 860 conquerentem,
750 764 835 858 quin
865 791 932 860 pro
959 765 1029 837 suis
1056 790 1121 836 cru·

248 883 455 956 cilixoribus
486 899 669 966 orantem,
703 877 830 952 latroni
863 908 1044 955 converso
1070 908 1123 980 pa·

247 1000 401 1072 radisum
440 999 731 1096 promittentem,
769 998 885 1094 deque
920 1019 1056 1103 matre,
1093 999 1121 1070 et

247 1116 422 1212 discipulo
462 1114 550 1212 (qui
589 1135 673 1187 tunc
719 1117 909 1186 electorum
945 1115 1120 1212 ecclesiam

248 1230 360 1306 crucis
400 1231 563 1304 meritum
598 1231 865 1328 participantem
902 1252 1121 1327 repraesenta·

247 1346 360 1439 bant)
387 1349 482 1420 filiali
506 1348 632 1420 affectu
655 1348 864 1435 sollicitum,
893 1375 936 1420 eo
963 1349 1000 1419 id
1027 1349 1131 1430 nobis,

247 1467 327 1565 ipso
361 1464 573 1562 evangelista
601 1464 833 1550 testificante,
871 1465 937 1543 cui,
960 1486 1101 1537 matrem
1112 1458 1129 1563 ,J

226 1588 269 1656 'a
301 1584 376 1656 filio
414 1581 481 1652 iam
515 1581 550 1652 in
585 1581 651 1652 hac
680 1580 752 1652 vita
786 1581 1121 1678 derelinquendam,

133 1771 138 1780 ,
247 1698 538 1783 commendavit,
572 1697 737 1782 loanne,
773 1697 941 1794 inquam3
978 1698 1024 1770 de
1054 1725 1122 1795 quo

245 1817 278 1889 S.
293 1799 550 1887 ''Ambrosiust
596 1812 728 1899 „Solus
757 1840 865 1909 ergo,
901 1811 1037 1904 aito),
1072 1841 1123 1886 me

66 2026 69 2031 1
175 1955 179 1963 ·
247 1933 374 2033 docet,
404 1930 502 2029 quod
528 1929 583 2001 alii
619 1957 692 2001 non
716 1931 938 2016 docuerunt,
965 1933 1125 2027 quemad·

148 2078 151 2082 “
248 2050 394 2121 modum
430 2047 466 2118 in
502 2072 605 2119 cruce
635 2047 771 2142 positus
802 2047 1036 2142 appellaverit
1062 2077 1128 2144 ma·

248 2159 366 2251 trem,
397 2164 506 2261 pluris
536 2184 692 2259 putans,
726 2163 823 2259 quod
850 2163 966 2261 victos
1000 2144 1128 2262 suppli·

249 2284 412 2369 ciorum,
452 2301 557 2376 atque
594 2306 804 2376 poenarum,
840 2280 955 2352 victor
994 2282 1127 2354 diaboli

248 2399 382 2497 pietatis
411 2396 526 2470 officia
555 2397 757 2485 dividebat,
794 2381 899 2493 quain
929 2399 1028 2492 quod
1058 2427 1128 2496 reg·

248 2543 334 2588 num
364 2519 503 2587 coeleste
529 2515 696 2585 donabat.
749 2513 842 2585 Nam
870 2514 897 2585 si
922 2515 1124 2610 religiosum

247 2652 320 2718 est,
350 2630 598 2728 quodlatroni
623 2631 731 2705 venia
757 2632 860 2703 datur
887 2659 906 2703 a
934 2632 1122 2719 Domino,

245 2753 358 2821 multo
377 2746 592 2840 religiosius,
620 2748 719 2843 quod
748 2771 855 2819 mater
882 2750 1082 2822 honoratur
1105 2778 1149 2821 a

246 2864 331 2938 lilio.
391 2862 470 2934 Nec
501 2884 757 2960 praeposterum
789 2865 991 2952 iudicetur,
1026 2869 1123 2963 quod

246 2981 343 3078 prius
374 2978 518 3052 latronis
549 2981 836 3067 absolutionem,
875 3008 980 3078 quam
1009 2986 1123 3056 matris

246 3096 520 3196 appellationem
538 3096 677 3194 scripsi3
708 3097 769 3194 qui
789 3098 880 3170 enim
901 3123 1050 3173 venerat
1068 3104 1129 3174 sal*

245 3241 312 3289 vos
342 3218 455 3288 facere
484 3235 712 3311 peccatores,
730 3229 817 3287 'non
847 3217 1065 3305 absurdum,
1097 3216 1122 3290 si

243 3333 339 3428 prius
380 3331 416 3400 in
457 3331 542 3403 meis
583 3332 717 3428 scriptis
755 3328 962 3428 susceptum
995 3361 1120 3407 munus

240 3448 277 3519 in
310 3431 515 3519 redimenda
547 3448 654 3519 salute
690 3469 915 3545 peccatorum
953 3449 1120 3546 implevit.

242 3564 412 3659 Denique
433 3561 509 3658 ipse
528 3562 597 3664 ait:
625 3574 695 3655 Qua
721 3587 885 3637 est‘murcr
902 3596 992 3654 mea,
1020 3591 1053 3640 et
1070 3577 1119 3659 qul

229 3692 309 3771 ¹fiant
325 3691 446 3768 fratrer
470 3695 528 3773 mci
541 3691 557 3749 ‚²
609 3680 709 3775 Quia,
729 3708 801 3753 non
825 3705 970 3755 venerat
990 3701 1117 3756 vocare

163 3869 166 3876 ,
240 3779 374 3884 iustos,
402 3798 460 3869 sed
492 3819 703 3893 peccatores.
757 3799 825 3870 Sed
849 3800 896 3870 ibi
921 3828 989 3896 pro
1014 3806 1115 3885 loc0,

275 3943 305 4015 a)
325 3946 419 4015 Expor.
440 3945 493 4000 Eo.
507 3943 562 4006 ser.
581 3945 645 4001 Luc.
664 3947 695 4001 L
718 3946 754 4002 Χ.
773 3964 799 3998 n.
821 3959 880 4013 130.
901 3949 934 4002 Τ.
955 3948 981 4003 I.
999 3963 1026 4019 p.
1043 3958 1114 4016 1532·
