2474 4568
327 281 414 349 ¹70·
647 258 879 293 -ιιιιι-
1209 302 1231 379 ‘3

75 409 81 420 '
181 401 298 467 ΨΜ
321 410 471 483 biduum
491 407 746 483 immolandum
768 404 950 505 discipulis
971 407 1041 481 suis
1066 407 1190 482 denun-

157 521 396 626 ⁶XXX¹¹¹·tiat.
449 525 621 600 Traditus
643 547 695 596 est
719 545 877 596 autema
902 524 993 595 luda
1017 526 1189 620 proditore

150 633 474 728 'Wvludaeim
500 642 563 738 qui
588 641 915 713 condemnaverunt
946 665 1026 712 eum
1053 641 1090 718 in
1118 667 1191 715 con·

323 759 403 832 silio
425 761 489 830 luo
517 760 562 829 ad
587 777 761 843 mortem;
797 758 841 834 ab
868 758 921 829 his
946 776 1087 844 autem,
1119 784 1189 831 cum

181 894 184 900 '
294 878 373 948 'eis
401 903 474 946 nou
500 875 620 946 liceret
644 874 841 948 interlicere
869 898 1110 969 quemquam,
1135 895 1190 946 tra·
1226 966 1230 977 Ι

320 993 472 1064 debatur
508 1002 651 1063 Gentibus
678 1001 722 1062 ad
746 1001 955 1076 illudendum,
991 1012 1023 1062 et
1041 987 1191 1076 flagellan-
1227 990 1230 1021 ³

322 1120 418 1192 dum,
453 1131 484 1178 et
512 1115 753 1192 crucifigendum.
822 1116 1000 1198 Quartbnnt
1027 1107 1190 1203 quidem,
1216 1112 1230 1207 Ξ

319 1247 363 1298 ut
402 1224 503 1295 etiam
543 1223 637 1319 apud
678 1224 798 1295 Marc.
836 1223 939 1294 XIV.
982 1248 1010 1294 1.
1045 1214 1230 1347 logicum}

306 1351 428 1431 firmmi
443 1349 621 1428 sacerdotes
647 1362 677 1410 et
691 1349 820 1428 scriba,
858 1350 1016 1432 quomodo·
1034 1369 1104 1412 enm
1131 1350 1191 1412 dolo
1219 1352 1230 1415 l

321 1480 474 1542 tenerent,
509 1481 538 1529 et
559 1467 753 1543 occiderenr,‘
781 1482 845 1552 per
867 1455 1009 1528 insidias
1037 1455 1191 1529 nimirum
1219 1422 1230 1527 l

317 1575 518 1670 proditorie
543 1593 576 1645 et
598 1577 764 1646 occulte:
791 1575 853 1647 led
881 1572 1072 1669 oportebat
1096 1599 1190 1660 eum,
1222 1544 1230 1653 l

320 1692 380 1786 qui
399 1669 472 1787 'pro
502 1679 722 1762 redemtioire
754 1690 879 1763 muudi
909 1711 1061 1763 mortem
1090 1696 1192 1788 oppe·
1222 1660 1229 1819 Ξ

318 1808 444 1880 titurus
480 1829 574 1893 erat,
609 1813 723 1904 palam
759 1828 793 1878 et
826 1807 861 1878 in
894 1828 1090 1903 conspectu
1127 1823 1193 1879 orn·
1222 1824 1229 1923 l

299 1925 417 1997 *arium
439 1926 620 2017 ,elevatum
649 1951 668 1994 a
693 1942 785 1994 terra
810 1923 845 1996 in
871 1949 977 1996 cruce
1002 1922 1113 2010 mori,
1140 1949 1194 1997 ex·
1227 1930 1229 2007 Ξ

319 2039 431 2114 tensis
446 2097 455 2129 ,
470 2062 522 2114 'ut
546 2041 667 2113 omnia
692 2041 738 2115 ad
764 2066 801 2112 se
828 2040 1003 2128 traheret,
1035 2039 1192 2113 brachiis.
1226 2038 1229 2125 J

394 2274 558 2348 Studiose
588 2273 732 2370 quidem
759 2273 797 2346 in
827 2276 891 2347 luo
922 2274 1073 2347 consilio
1100 2296 1195 2351 cave·

315 2413 416 2476 rant,
452 2421 511 2463 non
543 2405 575 2461 in
610 2403 659 2462 die
681 2400 769 2478 sesto
798 2373 877 2464 'steri
904 2393 997 2477 h0c;
1034 2394 1095 2466 sed
1125 2414 1195 2464 erat

318 2508 480 2581 Christus
518 2533 624 2580 verus
663 2533 775 2602 agnus
813 2509 849 2579 in
890 2509 1075 2605 praecipuo
1117 2508 1195 2582 festi

315 2624 489 2721 paschalis
533 2623 591 2694 die
635 2624 853 2697 occidendus
892 2626 990 2697 iuxta
1029 2625 1193 2698 Danielis

313 2740 560 2835 prophetiam:
587 2738 707 2832 'idque
734 2761 857 2812 contra
882 2767 923 2813 ac
945 2741 1132 2814 consilium
1160 2762 1195 2816 et

313 2856 486 2927 rationem
510 2852 658 2924 inierant
679 2854 811 2942 ludaei,
839 2878 877 2930 ut
897 2861 1002 2959 supra
1024 2860 1192 2947 vidimus,

254 2997 256 3000 ’
312 2974 441 3047 factum
472 2991 542 3042 est:
570 2979 690 3042 Etenim
712 2984 831 3062 pascha
855 2998 992 3047 nostrum
1012 2987 1192 3048 immolatus

312 3111 359 3161 ert
383 3098 517 3161 Christus
538 3089 644 3159 semel
666 3085 847 3179 iit-cruce,
875 3091 938 3188 qui
961 3093 1122 3187 quotidie
1142 3093 1192 3166 ol·

308 3206 495 3280 ferendum
529 3231 565 3277 se
600 3206 736 3302 praebet
769 3204 807 3279 iir
842 3209 961 3281 altari:
983 3211 1102 3304 -quod
1140 3209 1191 3281 in·

309 3342 494 3393 cruentum
530 3322 764 3408 sacrificium,
808 3344 996 3419 antequam
1036 3325 1112 3423 ipse
1151 3353 1190 3398 se

249 3504 254 3511 .
308 3458 491 3508 cruentam
517 3437 666 3509 hostiam
696 3439 838 3511 offerret
864 3440 1025 3516 Christus
1051 3443 1088 3519 iu
1114 3470 1200 3517 cru-1

273 3574 274 3579 ’
308 3579 373 3640 ce,
407 3553 444 3622 in
483 3539 735 3629 ultima'coena
767 3556 938 3647 instituit,
976 3560 1188 3659 praecipiens

305 3668 498 3766 apostolis,
536 3670 613 3744 fieri
640 3673 710 3745 boc
736 3671 772 3745 in
798 3675 850 3748 lui
878 3679 1190 3753 commemoratio·
1218 3667 1221 3672 ¹

305 3780 405 3875 nem',
432 3785 603 3859 immolati
630 3788 795 3869 nimirum
821 3793 858 3863 in
885 3814 998 3867 cruce.
1062 3796 1187 3893 Opor-

302 3903 400 3979 tebat
422 3902 535 3993 enim,
563 3924 602 3977 ut
628 3932 700 3977 rem
724 3907 792 3980 iam
813 3910 917 4006 supra
943 3912 987 3984 de
1015 3914 1184 3988 coucilia·
