2474 4568
276 382 280 387 ⁵
424 273 657 339 a·
907 304 979 371 147
1040 380 1043 385 Ι

97 430 139 509 ad
170 431 287 503 sacras
320 427 358 500 in
387 408 513 502 terram
543 433 698 503 sanctam
730 431 977 529 expeditiones
1005 423 1121 486 clm

97 575 171 623 esse
198 558 361 645 poterat,
388 568 475 642 quas
501 550 579 622 lac.
609 549 692 620 Xll.
721 572 815 621 tanta
837 570 980 622 conten
1002 542 1131 602 cmx·

94 667 206 745 tione
215 687 430 760 promovere
450 665 589 759 sategit,
618 667 697 760 spe,
724 667 849 738 intimo
873 665 1133 738 animivvv

50 760 249 866 dolore,
276 782 519 853 frustratusS.
550 782 773 867 Bernardus‚
801 784 858 854 cui
881 785 978 857 serm.

97 898 327 971 XXXIII.
318 924 354 969 rn
395 897 532 968 Cantic.
572 899 825 994 deplorabilem
861 925 980 971 rerum

98 1016 224 1088 statum
255 1013 468 1085 describenti
495 1013 687 1097 „intestina
716 1035 750 1086 et
773 1015 980 1089 insanabilis

61 1144 64 1149 '
99 1153 146 1205 est
172 1135 279 1228 plaga
300 1130 468 1202 Ecclesiae
497 1131 616 1201 visa.“
660 1128 752 1203 'Erat
773 1158 883 1228 porro
902 1135 979 1205 laec.

98 1249 179 1319 XII.
203 1247 352 1344 perinde
371 1273 411 1318 ac
426 1247 492 1317 XI.
509 1251 714 1342 pervulgata
733 1249 778 1320 de
797 1251 984 1344 ingruente

99 1367 255 1437 adventu
290 1362 484 1435 antichristi
520 1366 709 1458 persuasio.
776 1366 988 1460 lungendus

100 1502 145 1554 est
162 1482 209 1561 S„
226 1480 410 1561 Bernardo
433 1481 506 1552 eius
526 1481 776 1581 discipulus'in
796 1481 985 1577 disciplina

97 1598 291 1670 monastica
317 1597 450 1668 ordinis
477 1595 622 1669 Cisterc.
649 1599 762 1669 Oddo
789 1624 834 1669 ex
861 1625 984 1670 mona·

96 1717 165 1787 cho
192 1707 491 1787 Morimunllensi
517 1715 706 1810 episcopus
730 1714 983 1810 Frisingensis,

50 1856 53 1871 ·
96 1830 153 1926 qui
182 1831 360 1924 integrum
387 1828 517 1901 librum
547 1854 713 1903 octavum
740 1834 808 1903 suae
831 1833 983 1931 historiae
1018 1908 1021 1912 ,
1083 1891 1085 1897 ,

98 1947 352 2044 pertractanda
378 1946 460 2017 huic
485 1947 637 2018 materiae
663 1948 789 2020 tribuit
808 1960 845 2019 de
866 1959 985 2019 duabus
1067 1966 1075 2001 ··

51 2050 54 2055 ¹
98 2045 280 2135 unitatibus
316 2063 545 2159 inscriptum,
585 2065 628 2134 ad
665 2065 857 2136 novissima
891 2090 981 2135 vero

96 2180 291 2261 antichristi
312 2181 383 2253 lere
405 2203 567 2277 tempora
588 2178 779 2275 respiciens
793 2205 882 2279 ⁸curn
902 2181 983 2257 fatis

93 2294 257 2395 Romani
276 2296 410 2393 imperii
430 2299 639 2381 coniuncta,
668 2289 775 2391 prout
800 2295 838 2365 in
865 2296 979 2383 libro,

96 2413 153 2485 cui
178 2412 301 2485 titulus
333 2424 466 2496 Ecclesia
496 2425 634 2487 militans
658 2440 782 2496 regnum
808 2422 924 2483 Christi
948 2424 983 2487 in

94 2542 281 2600 terristum
306 2529 420 2625 primo
443 2531 626 2613 volun-tine
649 2555 725 2631 cap.
750 2528 835 2602 XII.
858 2527 984 2617 a)s1n·

95 2645 244 2740 gillatim
272 2654 403 2716 Romani
429 2659 552 2737 imperii
567 2650 676 2782 suriz
674 2674 744 2717 cum
773 2654 908 2717 Ecclesia
934 2675 986 2717 no·

95 2774 234 2833 nissimis
274 2776 463 2851 coniuncta,
510 2784 584 2835 tum
620 2728 789 2858 deinceps
825 2763 987 2858 passim,

96 2879 313 2975 pr-aesertim
324 2900 459 2950 autem
467 2880 650 2959 volumine
675 2880 833 2953 secundo
860 2881 987 2952 edisse·

100 2997 153 3068 rui
178 2993 242 3085 b),
277 2994 446 3067 Ecclesia‘.
471 2997 649 3068 militantis
680 3015 843 3092 tempora
870 2997 989 3067 novis-

97 3113 189 3195 sima,
223 3132 431 3208 persecutus
468 3114 512 3183 de
547 3093 754 3203 antichristo
787 3114 988 3206 singillatim

50 3210 52 3215 Ι
101 3222 528 3325 tum'antiquissimdrum
556 3229 611 3298 SS,
638 3228 800 3312 Parrum,
829 3254 909 3298 curn
938 3248 986 3299 et·

103 3345 169 3419 iam
195 3346 303 3419 medii
328 3347 395 3418 aevi
417 3346 607 3439 opiniones
632 3370 661 3441 ς.
690 3365 748 3434 59.
771 3340 805 3431 c)
829 3345 988 3419 decon-

50 3514 51 3524 κ
107 3462 230 3537 iunctis
255 3485 356 3541 ‚curn
371 3464 591 3559 temporibus
623 3461 823 3536 novissimis
849 3460 988 3560 imperii

50 3616 56 3659 t
110 3579 266 3653 Romani
292 3580 379 3654 fatis.
437 3614 440 3619 ·

142 3773 172 3847 ⁶)
189 3778 254 3848 Pas·
275 3791 334 3875 5⁷2
365 3769 417 3881 a)
434 3775 500 3853 ra·
521 3789 581 3847 215·
649 3769 679 3844 ο)
698 3774 763 3856 Bas·
782 3784 844 3877 ros.
