2474 4568
262 293 306 363 18
584 280 817 312 ''¹¹''-

112 430 227 494 ΒΑΜ
258 437 333 530 (ne
364 437 442 532 quis
472 435 517 508 de
538 437 601 508 sno
632 437 763 509 habere
793 437 929 534 aliquid
962 438 1144 546 existimet

128 553 223 610 CXI·
257 575 316 625 aut
340 551 442 642 esse)
470 554 686 624 commissae:
719 567 925 640 Negotiamini
944 569 1018 630 dum
1034 575 1137 650 venio,

87 658 239 728 ΜΝ
256 671 292 742 in
314 671 501 741 tremendo
521 697 651 766 nempe
674 671 731 743 die
754 671 871 744 iudicii
894 692 963 745 tam
987 667 1139 771 particu-

196 801 201 816 '
256 788 319 860 lari
346 787 457 858 statim
483 779 762 880 postmortem,
799 814 904 883 quam
933 791 1036 862 etiam
1062 795 1149 866 uni·'

255 903 402 988 vereali,
430 903 574 997 quando
596 923 766 975 venturus
786 925 839 976 est
859 905 1015 978 iudicare
1033 909 1138 984 vivos

258 1041 293 1093 et
322 1040 505 1105 mortuos,
541 1038 576 1091 et
599 1021 763 1092 saeculum
790 1023 1025 1117 perignem:
1062 1025 1136 1098 imo

256 1138 417 1234 quotidie
434 1136 562 1232 repetit
578 1138 769 1224 rationem,
795 1160 965 1234 quantum
986 1141 1136 1236 quisque

254 1255 455 1350 negotiatus
485 1254 545 1339 srt;
587 1274 623 1325 et
647 1280 721 1351 quo
748 1255 899 1351 quisque
924 1261 1000 1353 plus
1026 1262 1137 1332 lucra·

254 1392 310 1444 tus
336 1391 409 1458 est,
447 1371 563 1442 decies
587 1390 748 1457 tantum,
787 1391 847 1443 aut
873 1373 1062 1470 quinquies
1086 1403 1136 1448 re·

254 1508 478 1561 muneratur:
508 1487 687 1559 desidioso
708 1512 816 1574 vero,
840 1488 902 1583 qui
925 1490 1069 1585 quidem
1091 1494 1136 1564 af·

253 1607 322 1679 fert
345 1603 507 1676 Domino
529 1628 647 1674 mnam
671 1606 789 1690 suam,
818 1594 923 1699 quam
943 1609 1133 1702 repositam

255 1721 405 1794 servavit
425 1721 460 1792 in
483 1721 646 1806 sudario,
673 1722 766 1792 illam
789 1723 918 1811 aufert,
948 1724 1051 1818 eique
1073 1728 1136 1798 do·
1162 1728 1164 1737 ⁸

253 1858 333 1925 nat,
362 1838 421 1934 qui
442 1842 558 1934 plures
580 1836 739 1910 omnium
758 1863 876 1926 mnas,
904 1840 1026 1911 decem
1049 1842 1136 1914 scili·

253 1976 310 2029 cet
331 1954 523 2050 acquisivit.
575 1963 617 2024 Et
642 1965 788 2027 dixerunt
811 1969 860 2028 ei:
888 1965 1018 2029 Domine
1042 1951 1136 2030 liniret

252 2084 352 2146 decem
381 2101 468 2143 mnas
493 2099 526 2168 q.
552 2072 586 2142 d.
612 2093 674 2144 cur
704 2070 865 2144 Domine
896 2072 1059 2145 dabimus
1083 2074 1135 2146 illi

254 2190 357 2265 etiam
375 2190 466 2262 hanc
484 2215 621 2275 mnam,
642 2169 721 2261 euin
746 2188 813 2260 iam
832 2189 961 2261 habeat
981 2190 1135 2263 decem?

251 2308 305 2380 At
322 2309 407 2379 nihil
425 2308 547 2378 refert:
576 2315 654 2377 Dico
673 2287 782 2378 nutem
797 2317 904 2392 vobis,
926 2306 1135 2402 profertque

179 2439 183 2442 ’
251 2425 417 2496 Gh'ris‘tus
450 2425 544 2496 hanc
575 2424 795 2495 tremendam
831 2422 960 2516 cuique
998 2425 1136 2494 senten-

251 2543 357 2630 tiam,
376 2554 452 2634 qni-n
476 2553 558 2612 omni
578 2550 701 2612 debenti
722 2551 865 2625 dabitur,
892 2561 922 2611 et
943 2548 1134 2626 (intimabit,-

250 2671 291 2731 αἱ)
319 2689 353 2731 eo
378 2683 503 2742 nutem,
539 2667 594 2747 qui
620 2685 678 2726 non
705 2662 819 2741 taber,
846 2678 885 2763 ⁸et
910 2667 995 2746 quod
1018 2666 1135 2744 liniret,

235 2770 409 2865 ¹auferetur
443 2785 482 2844 nn
518 2802 561 2845 eo.
638 2771 778 2842 Eadem
811 2772 923 2844 verba
964 2775 1135 2866 leguntur

249 2893 385 2968 Matth.
414 2888 539 2960 XXV.
564 2912 621 2981 29.
647 2891 821 2983 parallelae
842 2889 887 2959 de
909 2889 1048 2960 talentis
1072 2915 1134 2986 pa·

248 3011 380 3082 rabolae
413 3007 570 3090 adiecta,
606 3005 751 3100 perinde
777 3029 818 3076 ac
848 3005 944 3101 apud
976 3004 1132 3077 eundem

248 3125 385 3206 Matth.
410 3123 511 3193 XIII.
539 3122 657 3194 Marc.
682 3121 806 3195 IVJet'
833 3122 920 3194 Luc.
943 3120 1043 3192 VIII.
1072 3149 1133 3218 pa-

248 3243 380 3316 rabolae
403 3241 447 3311 de
470 3239 677 3325 seminante,
704 3236 1005 3331 interrogantibus
1029 3237 1134 3310 disci·

247 3358 338 3456 pulis
369 3383 432 3429 cur
466 3357 501 3426 in
530 3355 707 3451 parabolis
738 3356 942 3450 loqueretur
975 3354 1131 3442 Iudaeis,

27 3523 31 3533 ι
102 3489 103 3492 ’
149 3525 151 3531 -
246 3493 480 3574 peterentque
500 3471 775 3582 explicationem
793 3470 988 3568 parabolae:
1011 3480 1156 3564 Quium,

137 3680 138 3684 Ἰ
242 3608 309 3685 ipse
334 3604 440 3662 dixit:
491 3599 580 3660 Votis
612 3599 721 3658 darum
755 3609 800 3659 est
829 3616 914 3659 nosse
946 3599 1131 3675 mysterium

155 3715 161 3729 ’
244 3723 328 3796 regni
342 3719 421 3791 Dei,
439 3719 550 3777 certeris
567 3726 670 3777 arerem
688 3716 720 3774 in
727 3714 908 3794 parabolis:
930 3724 966 3774 ut
977 3713 1130 3791 videntes,

244 3857 304 3899 non
328 3835 480 3907 vireant,
515 3844 546 3894 et
573 3832 750 3909 audientes,
789 3849 847 3893 non
876 3829 1049 3906 intelligant
1076 3817 1129 3910 a).

281 3969 568 4041 omma
