2474 4568
570 283 801 300 ——a

248 270 299 343 24

106 395 221 462 estur
248 394 564 495 gruentissimaque
588 397 733 471 Christo
751 414 825 477 erat
848 397 1053 473 acclamatio
1071 397 1125 475 in·

124 514 211 575 GKH·
250 513 453 592 nocentium
494 518 747 613 parvulorum,
788 514 833 586 de
871 515 999 612 quibus
1037 517 1124 590 alias

95 630 407 712 Wdixerat:
436 643 532 704 Sinite
550 642 702 723 parvulos
724 643 828 704 atrise
848 643 892 704 ad
914 662 983 718 me,
1010 644 1124 704 talium

245 772 292 824 est
325 761 405 822 enim
437 777 560 834 regnum
593 758 756 820 calorum:
795 748 841 820 de
874 748 1003 845 quibus
1036 748 1123 821 item

246 866 406 940 dixerat:
447 875 585 960 Quorum
611 875 710 950 angeli
724 872 849 956 semper
877 858 985 939 vident
1003 873 1125 953 faciem

245 994 352 1055 Patris
374 995 455 1070 mei,
483 992 589 1074 quiin
609 991 688 1052 calis
710 1002 772 1053 est:
799 979 861 1076 qui
883 1006 964 1053 cum
987 980 1126 1054 Cheru·

243 1099 320 1172 bim
340 1117 374 1189 et
393 1097 572 1195 Seraphim
593 1097 801 1194 reliquoque
823 1097 971 1170 coelestis
994 1097 1125 1171 militiae

246 1214 405 1288 exercitu
445 1214 482 1295 in
520 1241 664 1291 omnem
703 1214 930 1288 aeternitatem
963 1223 1124 1302 sanctus,

233 1338 386 1423 sanctus,
406 1341 537 1420 sanctus
568 1335 779 1418 acclamant3
812 1351 968 1426 natoque
996 1330 1125 1409 Domi·

245 1473 296 1525 no
311 1457 421 1534 subito
446 1457 544 1536 faeta
576 1469 622 1520 est
655 1477 723 1519 cnm
762 1458 868 1533 angelo
903 1446 1122 1521 nativitatem

245 1563 378 1642 Christi
397 1564 598 1661 pastoribus
622 1562 854 1641 annuntiante
874 1575 1042 1636 multitudo
1067 1577 1125 1636 mi·

244 1691 318 1755 litia
345 1690 488 1767 celestis,
515 1691 709 1752 laudantium
734 1689 854 1768 Deum,
881 1702 912 1751 et
937 1691 1124 1753 dicentium:

249 1808 357 1868 Gloria
379 1809 412 1867 in
433 1808 591 1868 altissimis
611 1807 699 1883 Deo,
726 1818 758 1870 et
778 1810 810 1869 in
829 1817 913 1870 terra
930 1823 1001 1888 pax
1027 1807 1124 1870 homi·

243 1921 333 1988 miris
350 1922 429 1984 bona
449 1923 623 1987 voluntatis
648 1911 712 2003 a),-
738 1911 796 1985 cui
823 1915 994 1988 convenit
1014 1918 1126 1988 accla-

244 2029 356 2103 matio
379 2029 592 2103 dicentium:
630 2019 834 2118 Bsnedictus,
861 2043 916 2123 qni
944 2044 1033 2102 uenit
1058 2040 1125 2102 Rex

243 2157 420 2224 innomine
444 2155 591 2233 Domini,
621 2176 693 2238 pax
719 2160 753 2219 in
780 2156 876 2234 soelo,
911 2168 942 2218 et
963 2156 1068 2232 gloria
1092 2158 1126 2220 in

147 2281 155 2299 ‘
243 2274 368 2343 exuitis
390 2260 446 2353 i),
474 2281 582 2361 prout
602 2263 716 2336 Lucas
738 2281 875 2350 narrat,
902 2287 1029 2335 omnes
1057 2283 1125 2337 tur·

199 3453 207 3483 i

175 3486 199 3587 i

242 2381 308 2452 bas
327 2379 584 2476 discipulorum
605 2381 799 2476 gaudentes
822 2379 983 2456 laudasse
999 2378 1126 2455 Deum

243 2521 336 2570 voce
360 2523 488 2593 magna
510 2498 612 2594 super
633 2496 816 2585 omnibus,
844 2522 932 2593 quas
950 2495 1124 2586 viderant,

243 2613 442 2687 virtutibus.
486 2611 548 2683 Ab
570 2614 704 2708 angelis
725 2612 792 2686 illis
812 2632 938 2699 „certe
957 2619 1125 2711 praeclare

244 2728 484 2803 Hebraeorum
513 2729 675 2824 theologi
705 2729 808 2826 pueri
841 2729 1012 2818 edocti,“
1042 2758 1063 2803 a
1090 2732 1124 2805 S.

241 2845 403 2941 Eulogio
437 2844 674 2920 Antiocheno
710 2844 977 2943 archiepiscopo
1015 2847 1124 2924 Serm.

243 2962 281 3038 in
300 2963 439 3034 Ramos
455 2966 650 3066 palmarum
668 2961 903 3046 inducuntur:
926 3017 948 3052 „
956 2964 1125 3062 Eratque,

241 3077 436 3183 pergite),
471 3079 593 3152 videre
621 3079 659 3152 in
689 3079 792 3170 Sion,
820 3081 973 3155 coelestia
994 3085 1125 3183 pariter

243 3225 285 3282 ac
318 3197 492 3287 terrestria
516 3197 654 3272 vicariis
692 3199 757 3273 fibi
781 3199 1035 3296 respondentia
1060 3227 1125 3275 vo·

243 3315 369 3403 eibus,
396 3317 503 3411 leque
520 3337 645 3391 mutuo
668 3315 859 3391 salutantia.
910 3314 1050 3390 Dicunt
1071 3319 1125 3391 su·

244 3433 339 3531 peri:
370 3443 476 3505 Gloria
491 3445 523 3504 ia
540 3445 698 3507 altissimis
719 3441 803 3520 Deo,
826 3451 858 3503 et
877 3443 1011 3505 interra
1026 3463 1100 3524 pax
1110 3477 1125 3521 ,-

242 3549 345 3632 inferi
369 3549 610 3646 respondenti
647 3560 717 3628 Pax
738 3561 771 3619 in
795 3557 885 3637 celo,
914 3572 944 3622 et
960 3561 1064 3637 gloria
1088 3565 1124 3625 in

244 3680 413 3743 altissimis.
476 3665 660 3750 Dixerunt
687 3665 824 3760 angelis
862 3677 898 3737 In
925 3689 1008 3740 terra
1025 3696 1098 3760 pax
1108 3709 1124 3757 ,-

280 3843 311 3917 tl)
337 3847 398 3901 Luc.
426 3846 470 3901 II.
500 3859 543 3912 13,
647 3839 678 3914 l)
703 3845 773 3899 Isia
802 3845 886 3902 XIX.
911 3856 954 3914 38.

314 3921 344 4005 s)
367 3925 398 3988 Τ,
419 3925 491 3992 ΧΗ.
510 3925 581 3986 liiii.
598 3924 656 3982 Pl'.
672 3937 699 3996 ρ,
719 3937 781 3994 309·
