<?xml version="1.0" encoding="UTF-8"?>
<!DOCTYPE html PUBLIC "-//W3C//DTD XHTML 1.0 Transitional//EN"
    "http://www.w3.org/TR/xhtml1/DTD/xhtml1-transitional.dtd">
<html xmlns="http://www.w3.org/1999/xhtml" xml:lang="en" lang="en">
 <head>
  <title>
</title>
<meta http-equiv="Content-Type" content="text/html;charset=utf-8" />
  <meta name='ocr-system' content='tesseract 3.04.00' />
  <meta name='ocr-capabilities' content='ocr_page ocr_carea ocr_par ocr_line ocrx_word'/>
</head>
<body>
  <div class='ocr_page' id='page_1' title='image "./desublimiinevan03gerbgoog_0171.png"; bbox 0 0 2474 4568; ppageno 0'>
   <div class='ocr_carea' id='block_1_1' title="bbox 637 269 867 315">
    <p class='ocr_par' dir='ltr' id='par_1_1' title="bbox 637 269 867 315">
     <span class='ocr_line' id='line_1_1' title="bbox 637 269 867 315; baseline -0.013 0"><span class='ocrx_word' id='word_1_1' title='bbox 637 269 867 315; x_wconf 52' lang='lat' dir='ltr'><em>m</em></span> 
     </span>
    </p>
   </div>
   <div class='ocr_carea' id='block_1_2' title="bbox 637 316 866 338">
    <p class='ocr_par' dir='ltr' id='par_1_2' title="bbox 637 316 866 338">
     <span class='ocr_line' id='line_1_2' title="bbox 637 316 866 338; baseline -0.009 -6"><span class='ocrx_word' id='word_1_2' title='bbox 637 316 866 338; x_wconf 64' lang='grc' dir='ltr'>ι--ι-ῃ--ι-ο</span> 
     </span>
    </p>
   </div>
   <div class='ocr_carea' id='block_1_3' title="bbox 157 413 1231 3917">
    <p class='ocr_par' dir='ltr' id='par_1_3' title="bbox 157 413 1202 2388">
     <span class='ocr_line' id='line_1_3' title="bbox 172 413 1191 520; baseline 0.002 -26"><span class='ocrx_word' id='word_1_3' title='bbox 172 413 288 480; x_wconf 62' lang='lat' dir='ltr'>canor</span> <span class='ocrx_word' id='word_1_4' title='bbox 315 423 426 496; x_wconf 91' lang='lat' dir='ltr'>modo</span> <span class='ocrx_word' id='word_1_5' title='bbox 443 423 552 511; x_wconf 72' lang='lat' dir='ltr'>sunt,</span> <span class='ocrx_word' id='word_1_6' title='bbox 579 423 755 520; x_wconf 82' lang='lat' dir='ltr'>pertinent</span> <span class='ocrx_word' id='word_1_7' title='bbox 777 424 824 495; x_wconf 86' lang='lat' dir='ltr'>ad</span> <span class='ocrx_word' id='word_1_8' title='bbox 848 423 1018 499; x_wconf 86' lang='lat' dir='ltr'>iudicium</span> <span class='ocrx_word' id='word_1_9' title='bbox 1045 425 1191 498; x_wconf 85' lang='lat' dir='ltr'>creden·</span> 
     </span>
     <span class='ocr_line' id='line_1_4' title="bbox 160 534 1189 636; baseline 0.003 -24"><span class='ocrx_word' id='word_1_10' title='bbox 160 534 303 598; x_wconf 63' lang='lat' dir='ltr'><strong>CXXXH·</strong></span> <span class='ocrx_word' id='word_1_11' title='bbox 314 540 399 617; x_wconf 89' lang='lat' dir='ltr'>tium</span> <span class='ocrx_word' id='word_1_12' title='bbox 420 540 598 614; x_wconf 90' lang='lat' dir='ltr'>fidelium:</span> <span class='ocrx_word' id='word_1_13' title='bbox 626 539 727 636; x_wconf 87' lang='lat' dir='ltr'>quia,</span> <span class='ocrx_word' id='word_1_14' title='bbox 754 559 794 612; x_wconf 90' lang='lat' dir='ltr'>ut</span> <span class='ocrx_word' id='word_1_15' title='bbox 817 540 864 612; x_wconf 90' lang='lat' dir='ltr'>ait</span> <span class='ocrx_word' id='word_1_16' title='bbox 885 540 938 613; x_wconf 86' lang='lat' dir='ltr'>Jo.</span> <span class='ocrx_word' id='word_1_17' title='bbox 966 541 1027 635; x_wconf 71' lang='grc' dir='ltr'><strong>[ΙΙ.</strong></span> <span class='ocrx_word' id='word_1_18' title='bbox 1055 555 1189 633; x_wconf 83' lang='lat' dir='ltr'>quinon</span> 
     </span>
     <span class='ocr_line' id='line_1_5' title="bbox 157 651 1189 744; baseline 0.003 -16"><span class='ocrx_word' id='word_1_19' title='bbox 157 651 428 744; x_wconf 52' lang='lat' dir='ltr'>Wcredir,</span> <span class='ocrx_word' id='word_1_20' title='bbox 448 671 513 733; x_wconf 80' lang='lat' dir='ltr'>iam</span> <span class='ocrx_word' id='word_1_21' title='bbox 531 667 687 732; x_wconf 76' lang='lat' dir='ltr'>iudicatus</span> <span class='ocrx_word' id='word_1_22' title='bbox 706 679 760 733; x_wconf 83' lang='lat' dir='ltr'>est.</span> <span class='ocrx_word' id='word_1_23' title='bbox 800 655 862 729; x_wconf 86' lang='lat' dir='ltr'>De</span> <span class='ocrx_word' id='word_1_24' title='bbox 885 656 1049 733; x_wconf 86' lang='lat' dir='ltr'>fidelibus</span> <span class='ocrx_word' id='word_1_25' title='bbox 1072 662 1189 738; x_wconf 77' lang='lat' dir='ltr'>autem</span> 
     </span>
     <span class='ocr_line' id='line_1_6' title="bbox 313 774 1189 865; baseline 0.002 -20"><span class='ocrx_word' id='word_1_26' title='bbox 313 774 442 848; x_wconf 86' lang='lat' dir='ltr'>dicitur</span> <span class='ocrx_word' id='word_1_27' title='bbox 452 784 520 845; x_wconf 75' lang='lat' dir='ltr'>tEt</span> <span class='ocrx_word' id='word_1_28' title='bbox 536 795 608 845; x_wconf 82' lang='lat' dir='ltr'>tunc</span> <span class='ocrx_word' id='word_1_29' title='bbox 620 783 723 845; x_wconf 81' lang='lat' dir='ltr'>reddet</span> <span class='ocrx_word' id='word_1_30' title='bbox 741 781 1082 865; x_wconf 77' lang='lat' dir='ltr'>urricuiquesecundum</span> <span class='ocrx_word' id='word_1_31' title='bbox 1097 802 1189 865; x_wconf 84' lang='lat' dir='ltr'>opera</span> 
     </span>
     <span class='ocr_line' id='line_1_7' title="bbox 311 889 1188 989; baseline -0.003 -26"><span class='ocrx_word' id='word_1_32' title='bbox 311 905 395 978; x_wconf 83' lang='lat' dir='ltr'>eius,</span> <span class='ocrx_word' id='word_1_33' title='bbox 422 917 486 987; x_wconf 86' lang='lat' dir='ltr'>per</span> <span class='ocrx_word' id='word_1_34' title='bbox 510 889 643 968; x_wconf 81' lang='lat' dir='ltr'>Christi</span> <span class='ocrx_word' id='word_1_35' title='bbox 669 889 813 985; x_wconf 83' lang='lat' dir='ltr'>gratiam</span> <span class='ocrx_word' id='word_1_36' title='bbox 841 890 1008 989; x_wconf 80' lang='lat' dir='ltr'>charitate</span> <span class='ocrx_word' id='word_1_37' title='bbox 1033 889 1094 964; x_wconf 84' lang='lat' dir='ltr'>illa</span> <span class='ocrx_word' id='word_1_38' title='bbox 1116 889 1188 971; x_wconf 87' lang='lat' dir='ltr'>Dei</span> 
     </span>
     <span class='ocr_line' id='line_1_8' title="bbox 311 1005 1186 1104; baseline -0.003 -23"><span class='ocrx_word' id='word_1_39' title='bbox 311 1028 351 1081; x_wconf 88' lang='lat' dir='ltr'>et</span> <span class='ocrx_word' id='word_1_40' title='bbox 377 1007 556 1104; x_wconf 84' lang='lat' dir='ltr'>proximi,</span> <span class='ocrx_word' id='word_1_41' title='bbox 593 1006 629 1083; x_wconf 93' lang='lat' dir='ltr'>in</span> <span class='ocrx_word' id='word_1_42' title='bbox 658 1032 729 1102; x_wconf 88' lang='lat' dir='ltr'>qua</span> <span class='ocrx_word' id='word_1_43' title='bbox 756 1005 920 1104; x_wconf 80' lang='lat' dir='ltr'>universa</span> <span class='ocrx_word' id='word_1_44' title='bbox 946 1010 1006 1078; x_wconf 87' lang='lat' dir='ltr'>lex</span> <span class='ocrx_word' id='word_1_45' title='bbox 1031 1006 1186 1102; x_wconf 86' lang='lat' dir='ltr'>pendet,</span> 
     </span>
     <span class='ocr_line' id='line_1_9' title="bbox 312 1121 1185 1221; baseline 0 -26"><span class='ocrx_word' id='word_1_46' title='bbox 312 1122 446 1218; x_wconf 81' lang='lat' dir='ltr'>quaevis</span> <span class='ocrx_word' id='word_1_47' title='bbox 478 1144 589 1221; x_wconf 84' lang='lat' dir='ltr'>opera</span> <span class='ocrx_word' id='word_1_48' title='bbox 621 1140 657 1195; x_wconf 90' lang='lat' dir='ltr'>et</span> <span class='ocrx_word' id='word_1_49' title='bbox 686 1122 840 1200; x_wconf 81' lang='lat' dir='ltr'>actiones</span> <span class='ocrx_word' id='word_1_50' title='bbox 872 1121 942 1219; x_wconf 83' lang='lat' dir='ltr'>legi</span> <span class='ocrx_word' id='word_1_51' title='bbox 976 1124 1185 1204; x_wconf 79' lang='lat' dir='ltr'>conformes,</span> 
     </span>
     <span class='ocr_line' id='line_1_10' title="bbox 311 1237 1186 1336; baseline 0 -24"><span class='ocrx_word' id='word_1_52' title='bbox 311 1237 414 1323; x_wconf 88' lang='lat' dir='ltr'>Dum</span> <span class='ocrx_word' id='word_1_53' title='bbox 445 1266 533 1313; x_wconf 86' lang='lat' dir='ltr'>vero</span> <span class='ocrx_word' id='word_1_54' title='bbox 568 1265 678 1336; x_wconf 88' lang='lat' dir='ltr'>opera</span> <span class='ocrx_word' id='word_1_55' title='bbox 709 1239 950 1317; x_wconf 78' lang='lat' dir='ltr'>beneficentiae</span> <span class='ocrx_word' id='word_1_56' title='bbox 985 1258 1121 1317; x_wconf 85' lang='lat' dir='ltr'>tantum</span> <span class='ocrx_word' id='word_1_57' title='bbox 1152 1238 1186 1312; x_wconf 89' lang='lat' dir='ltr'>in</span> 
     </span>
     <span class='ocr_line' id='line_1_11' title="bbox 311 1336 1186 1454; baseline 0.001 -28"><span class='ocrx_word' id='word_1_58' title='bbox 311 1336 514 1454; x_wconf 85' lang='lat' dir='ltr'>proximum</span> <span class='ocrx_word' id='word_1_59' title='bbox 541 1376 781 1428; x_wconf 80' lang='lat' dir='ltr'>memorantur</span> <span class='ocrx_word' id='word_1_60' title='bbox 808 1381 883 1427; x_wconf 91' lang='lat' dir='ltr'>non</span> <span class='ocrx_word' id='word_1_61' title='bbox 909 1353 977 1433; x_wconf 87' lang='lat' dir='ltr'>iam</span> <span class='ocrx_word' id='word_1_62' title='bbox 1007 1376 1047 1429; x_wconf 93' lang='lat' dir='ltr'>ut</span> <span class='ocrx_word' id='word_1_63' title='bbox 1074 1352 1186 1453; x_wconf 79' lang='lat' dir='ltr'>proxi-¹</span> 
     </span>
     <span class='ocr_line' id='line_1_12' title="bbox 310 1471 1231 1575; baseline 0.002 -31"><span class='ocrx_word' id='word_1_64' title='bbox 310 1498 396 1559; x_wconf 81' lang='lat' dir='ltr'>mu,</span> <span class='ocrx_word' id='word_1_65' title='bbox 431 1473 491 1546; x_wconf 84' lang='lat' dir='ltr'>sed</span> <span class='ocrx_word' id='word_1_66' title='bbox 522 1471 666 1548; x_wconf 88' lang='lat' dir='ltr'>Christo</span> <span class='ocrx_word' id='word_1_67' title='bbox 698 1491 805 1575; x_wconf 81' lang='lat' dir='ltr'>atque</span> <span class='ocrx_word' id='word_1_68' title='bbox 834 1473 926 1544; x_wconf 88' lang='lat' dir='ltr'>adeo</span> <span class='ocrx_word' id='word_1_69' title='bbox 958 1471 1048 1550; x_wconf 81' lang='lat' dir='ltr'>Deo</span> <span class='ocrx_word' id='word_1_70' title='bbox 1077 1473 1231 1563; x_wconf 80' lang='lat' dir='ltr'>facta,</span> 
     </span>
     <span class='ocr_line' id='line_1_13' title="bbox 308 1576 1231 1687; baseline 0.007 -25"><span class='ocrx_word' id='word_1_71' title='bbox 308 1588 501 1664; x_wconf 73' lang='lat' dir='ltr'>sublimitas</span> <span class='ocrx_word' id='word_1_72' title='bbox 525 1589 585 1665; x_wconf 84' lang='lat' dir='ltr'>illa</span> <span class='ocrx_word' id='word_1_73' title='bbox 607 1613 650 1664; x_wconf 86' lang='lat' dir='ltr'>ac</span> <span class='ocrx_word' id='word_1_74' title='bbox 672 1588 836 1665; x_wconf 56' lang='lat' dir='ltr'>diuinitas</span> <span class='ocrx_word' id='word_1_75' title='bbox 858 1588 1026 1687; x_wconf 83' lang='lat' dir='ltr'>praecepti</span> <span class='ocrx_word' id='word_1_76' title='bbox 1048 1576 1231 1674; x_wconf 76' lang='lat' dir='ltr'>ebarita-</span> 
     </span>
     <span class='ocr_line' id='line_1_14' title="bbox 310 1704 1185 1817; baseline 0.002 -40"><span class='ocrx_word' id='word_1_77' title='bbox 310 1704 357 1777; x_wconf 85' lang='lat' dir='ltr'>tis</span> <span class='ocrx_word' id='word_1_78' title='bbox 381 1707 600 1790; x_wconf 86' lang='lat' dir='ltr'>declaratur,</span> <span class='ocrx_word' id='word_1_79' title='bbox 627 1731 696 1801; x_wconf 82' lang='lat' dir='ltr'>qua</span> <span class='ocrx_word' id='word_1_80' title='bbox 723 1708 928 1817; x_wconf 84' lang='lat' dir='ltr'>proximum</span> <span class='ocrx_word' id='word_1_81' title='bbox 957 1733 1033 1779; x_wconf 87' lang='lat' dir='ltr'>non</span> <span class='ocrx_word' id='word_1_82' title='bbox 1061 1706 1125 1780; x_wconf 89' lang='lat' dir='ltr'>nisi</span> <span class='ocrx_word' id='word_1_83' title='bbox 1151 1707 1185 1779; x_wconf 86' lang='lat' dir='ltr'>in</span> 
     </span>
     <span class='ocr_line' id='line_1_15' title="bbox 227 1815 1187 1898; baseline 0.002 -4"><span class='ocrx_word' id='word_1_84' title='bbox 227 1815 230 1831; x_wconf 61' lang='lat'>⁸</span> <span class='ocrx_word' id='word_1_85' title='bbox 309 1819 398 1894; x_wconf 88' lang='lat' dir='ltr'>Deo</span> <span class='ocrx_word' id='word_1_86' title='bbox 422 1823 529 1896; x_wconf 87' lang='lat' dir='ltr'>unico</span> <span class='ocrx_word' id='word_1_87' title='bbox 554 1825 689 1895; x_wconf 83' lang='lat' dir='ltr'>summo</span> <span class='ocrx_word' id='word_1_88' title='bbox 712 1822 814 1896; x_wconf 92' lang='lat' dir='ltr'>bono</span> <span class='ocrx_word' id='word_1_89' title='bbox 837 1850 878 1896; x_wconf 89' lang='lat' dir='ltr'>ac</span> <span class='ocrx_word' id='word_1_90' title='bbox 900 1824 971 1896; x_wconf 84' lang='lat' dir='ltr'>fine</span> <span class='ocrx_word' id='word_1_91' title='bbox 993 1824 1119 1898; x_wconf 89' lang='lat' dir='ltr'>ultimo</span> <span class='ocrx_word' id='word_1_92' title='bbox 1142 1824 1187 1896; x_wconf 92' lang='lat' dir='ltr'>di·</span> 
     </span>
     <span class='ocr_line' id='line_1_16' title="bbox 307 1937 1185 2034; baseline 0.002 -22"><span class='ocrx_word' id='word_1_93' title='bbox 307 1937 468 2034; x_wconf 81' lang='lat' dir='ltr'>ligimus3</span> <span class='ocrx_word' id='word_1_94' title='bbox 496 1960 600 2034; x_wconf 83' lang='lat' dir='ltr'>atque</span> <span class='ocrx_word' id='word_1_95' title='bbox 622 1939 766 2012; x_wconf 86' lang='lat' dir='ltr'>intimus</span> <span class='ocrx_word' id='word_1_96' title='bbox 789 1966 903 2017; x_wconf 84' lang='lat' dir='ltr'>nexus</span> <span class='ocrx_word' id='word_1_97' title='bbox 926 1961 962 2013; x_wconf 84' lang='lat' dir='ltr'>ot</span> <span class='ocrx_word' id='word_1_98' title='bbox 983 1940 1185 2015; x_wconf 86' lang='lat' dir='ltr'>communio</span> 
     </span>
     <span class='ocr_line' id='line_1_17' title="bbox 307 2054 1187 2154; baseline 0.002 -26"><span class='ocrx_word' id='word_1_99' title='bbox 307 2054 494 2152; x_wconf 81' lang='lat' dir='ltr'>utriusque</span> <span class='ocrx_word' id='word_1_100' title='bbox 519 2056 719 2130; x_wconf 85' lang='lat' dir='ltr'>dilectionis</span> <span class='ocrx_word' id='word_1_101' title='bbox 741 2055 817 2128; x_wconf 88' lang='lat' dir='ltr'>Dei</span> <span class='ocrx_word' id='word_1_102' title='bbox 840 2078 875 2135; x_wconf 76' lang='lat' dir='ltr'>‚et</span> <span class='ocrx_word' id='word_1_103' title='bbox 896 2056 1055 2154; x_wconf 84' lang='lat' dir='ltr'>proximi</span> <span class='ocrx_word' id='word_1_104' title='bbox 1074 2079 1187 2139; x_wconf 82' lang='lat' dir='ltr'>osten·</span> 
     </span>
     <span class='ocr_line' id='line_1_18' title="bbox 309 2172 1202 2271; baseline 0.008 -27"><span class='ocrx_word' id='word_1_105' title='bbox 309 2173 448 2259; x_wconf 91' lang='lat' dir='ltr'>ditur;</span> <span class='ocrx_word' id='word_1_106' title='bbox 469 2191 509 2246; x_wconf 93' lang='lat' dir='ltr'>ut</span> <span class='ocrx_word' id='word_1_107' title='bbox 543 2200 609 2246; x_wconf 85' lang='lat' dir='ltr'>nec</span> <span class='ocrx_word' id='word_1_108' title='bbox 647 2172 749 2257; x_wconf 89' lang='lat' dir='ltr'>Deus</span> <span class='ocrx_word' id='word_1_109' title='bbox 786 2173 858 2246; x_wconf 85' lang='lat' dir='ltr'>fine</span> <span class='ocrx_word' id='word_1_110' title='bbox 894 2175 1086 2271; x_wconf 88' lang='lat' dir='ltr'>proximo,</span> <span class='ocrx_word' id='word_1_111' title='bbox 1124 2201 1202 2259; x_wconf 70' lang='lat' dir='ltr'>nec,</span> 
     </span>
     <span class='ocr_line' id='line_1_19' title="bbox 306 2287 1188 2388; baseline 0.008 -27"><span class='ocrx_word' id='word_1_112' title='bbox 306 2289 493 2388; x_wconf 85' lang='lat' dir='ltr'>proximus</span> <span class='ocrx_word' id='word_1_113' title='bbox 517 2289 588 2368; x_wconf 85' lang='lat' dir='ltr'>fine</span> <span class='ocrx_word' id='word_1_114' title='bbox 611 2287 696 2367; x_wconf 89' lang='lat' dir='ltr'>Deo</span> <span class='ocrx_word' id='word_1_115' title='bbox 717 2309 870 2363; x_wconf 87' lang='lat' dir='ltr'>ametur:</span> <span class='ocrx_word' id='word_1_116' title='bbox 899 2290 1017 2377; x_wconf 88' lang='lat' dir='ltr'>Sed,</span> <span class='ocrx_word' id='word_1_117' title='bbox 1006 2311 1109 2366; x_wconf 80' lang='lat' dir='ltr'>iuxta</span> <span class='ocrx_word' id='word_1_118' title='bbox 1121 2319 1188 2368; x_wconf 86' lang='lat' dir='ltr'>ma·</span> 
     </span>
    </p>

    <p class='ocr_par' dir='ltr' id='par_1_4' title="bbox 279 2376 1231 2777">
     <span class='ocr_line' id='line_1_20' title="bbox 279 2376 1231 2500; baseline 0.007 -24"><span class='ocrx_word' id='word_1_119' title='bbox 279 2467 284 2476; x_wconf 91' lang='lat'>.</span> <span class='ocrx_word' id='word_1_120' title='bbox 307 2407 455 2500; x_wconf 87' lang='lat' dir='ltr'>gistrum</span> <span class='ocrx_word' id='word_1_121' title='bbox 476 2405 603 2478; x_wconf 88' lang='lat' dir='ltr'>amoris</span> <span class='ocrx_word' id='word_1_122' title='bbox 618 2401 677 2494; x_wconf 83' lang='lat' dir='ltr'>a),</span> <span class='ocrx_word' id='word_1_123' title='bbox 703 2419 731 2482; x_wconf 80' lang='lat' dir='ltr'>si</span> <span class='ocrx_word' id='word_1_124' title='bbox 750 2417 945 2493; x_wconf 74' lang='lat' dir='ltr'>diligamns·</span> <span class='ocrx_word' id='word_1_125' title='bbox 933 2419 1086 2496; x_wconf 74' lang='lat' dir='ltr'>invicem,</span> <span class='ocrx_word' id='word_1_126' title='bbox 1107 2418 1189 2483; x_wconf 82' lang='lat' dir='ltr'>Deus</span> <span class='ocrx_word' id='word_1_127' title='bbox 1227 2376 1231 2441; x_wconf 47' lang='grc' dir='ltr'>Ι</span> 
     </span>
     <span class='ocr_line' id='line_1_21' title="bbox 305 2531 1227 2616; baseline 0.009 -25"><span class='ocrx_word' id='word_1_128' title='bbox 305 2549 340 2595; x_wconf 83' lang='lat' dir='ltr'>tn</span> <span class='ocrx_word' id='word_1_129' title='bbox 361 2531 445 2593; x_wconf 84' lang='lat' dir='ltr'>nobis</span> <span class='ocrx_word' id='word_1_130' title='bbox 462 2545 583 2608; x_wconf 75' lang='lat' dir='ltr'>maaet,</span> <span class='ocrx_word' id='word_1_131' title='bbox 609 2544 640 2593; x_wconf 81' lang='lat' dir='ltr'>et</span> <span class='ocrx_word' id='word_1_132' title='bbox 660 2532 799 2594; x_wconf 72' lang='lat' dir='ltr'>charitas</span> <span class='ocrx_word' id='word_1_133' title='bbox 818 2537 882 2596; x_wconf 87' lang='lat' dir='ltr'>eius</span> <span class='ocrx_word' id='word_1_134' title='bbox 897 2538 930 2596; x_wconf 82' lang='lat' dir='ltr'>ia</span> <span class='ocrx_word' id='word_1_135' title='bbox 950 2535 1040 2604; x_wconf 81' lang='lat' dir='ltr'>nobis</span> <span class='ocrx_word' id='word_1_136' title='bbox 1048 2535 1227 2616; x_wconf 81' lang='lat' dir='ltr'>perfecta</span> 
     </span>
     <span class='ocr_line' id='line_1_22' title="bbox 305 2632 1231 2777; baseline 0.004 -67"><span class='ocrx_word' id='word_1_137' title='bbox 305 2659 373 2710; x_wconf 81' lang='lat' dir='ltr'>est:</span> <span class='ocrx_word' id='word_1_138' title='bbox 395 2637 479 2713; x_wconf 93' lang='lat' dir='ltr'>dum</span> <span class='ocrx_word' id='word_1_139' title='bbox 504 2659 722 2734; x_wconf 78' lang='lat' dir='ltr'>pracceptum</span> <span class='ocrx_word' id='word_1_140' title='bbox 742 2653 871 2723; x_wconf 81' lang='lat' dir='ltr'>mutuae</span> <span class='ocrx_word' id='word_1_141' title='bbox 893 2638 1091 2714; x_wconf 73' lang='lat' dir='ltr'>drlectionis</span> <span class='ocrx_word' id='word_1_142' title='bbox 1115 2669 1188 2717; x_wconf 88' lang='lat' dir='ltr'>non</span> <span class='ocrx_word' id='word_1_143' title='bbox 1225 2632 1231 2777; x_wconf 66' lang='lat'>¹3</span> 
     </span>
    </p>

    <p class='ocr_par' dir='ltr' id='par_1_5' title="bbox 303 2755 1231 2967">
     <span class='ocr_line' id='line_1_23' title="bbox 306 2755 1231 2853; baseline 0.014 -32"><span class='ocrx_word' id='word_1_144' title='bbox 306 2767 443 2835; x_wconf 81' lang='lat' dir='ltr'>tantum</span> <span class='ocrx_word' id='word_1_145' title='bbox 467 2755 664 2838; x_wconf 68' lang='lat' dir='ltr'>servamus,</span> <span class='ocrx_word' id='word_1_146' title='bbox 692 2776 731 2828; x_wconf 92' lang='lat' dir='ltr'>ut</span> <span class='ocrx_word' id='word_1_147' title='bbox 753 2756 839 2830; x_wconf 87' lang='lat' dir='ltr'>Lev.</span> <span class='ocrx_word' id='word_1_148' title='bbox 865 2759 972 2831; x_wconf 89' lang='lat' dir='ltr'><strong>XIX.</strong></span> <span class='ocrx_word' id='word_1_149' title='bbox 1001 2768 1056 2836; x_wconf 78' lang='lat'>18..</span> <span class='ocrx_word' id='word_1_150' title='bbox 1078 2758 1189 2851; x_wconf 53' lang='lat' dir='ltr'>,habef</span> <span class='ocrx_word' id='word_1_151' title='bbox 1228 2798 1231 2853; x_wconf 78' lang='lat'><em>3</em></span> 
     </span>
     <span class='ocr_line' id='line_1_24' title="bbox 303 2870 1231 2967; baseline 0.014 -30"><span class='ocrx_word' id='word_1_152' title='bbox 303 2885 387 2948; x_wconf 68' lang='lat' dir='ltr'>tura</span> <span class='ocrx_word' id='word_1_153' title='bbox 421 2877 538 2954; x_wconf 73' lang='lat' dir='ltr'>Diliges</span> <span class='ocrx_word' id='word_1_154' title='bbox 561 2882 694 2944; x_wconf 83' lang='lat' dir='ltr'>amicum</span> <span class='ocrx_word' id='word_1_155' title='bbox 723 2894 811 2953; x_wconf 85' lang='lat' dir='ltr'>tuum</span> <span class='ocrx_word' id='word_1_156' title='bbox 828 2878 913 2958; x_wconf 77' lang='lat' dir='ltr'>ficut</span> <span class='ocrx_word' id='word_1_157' title='bbox 939 2887 1091 2965; x_wconf 84' lang='lat' dir='ltr'>teipsum,</span> <span class='ocrx_word' id='word_1_158' title='bbox 1126 2876 1188 2949; x_wconf 84' lang='lat' dir='ltr'>sed</span> <span class='ocrx_word' id='word_1_159' title='bbox 1227 2870 1231 2967; x_wconf 69' lang='lat' dir='ltr'>i</span> 
     </span>
    </p>

    <p class='ocr_par' dir='ltr' id='par_1_6' title="bbox 270 2972 1231 3330">
     <span class='ocr_line' id='line_1_25' title="bbox 270 2984 1186 3086; baseline 0.009 -28"><span class='ocrx_word' id='word_1_160' title='bbox 270 3030 276 3042; x_wconf 82' lang='lat'><strong>·</strong></span> <span class='ocrx_word' id='word_1_161' title='bbox 300 2984 510 3086; x_wconf 80' lang='lat' dir='ltr'>proximum</span> <span class='ocrx_word' id='word_1_162' title='bbox 541 2984 644 3064; x_wconf 82' lang='lat' dir='ltr'>etiam</span> <span class='ocrx_word' id='word_1_163' title='bbox 674 2987 851 3084; x_wconf 71' lang='lat' dir='ltr'>diligimus</span> <span class='ocrx_word' id='word_1_164' title='bbox 880 2988 1060 3064; x_wconf 89' lang='lat' dir='ltr'>inimicum</span> <span class='ocrx_word' id='word_1_165' title='bbox 1088 2991 1186 3066; x_wconf 87' lang='lat' dir='ltr'>iuxta</span> 
     </span>
     <span class='ocr_line' id='line_1_26' title="bbox 299 3103 1231 3203; baseline 0 -21"><span class='ocrx_word' id='word_1_166' title='bbox 299 3108 422 3203; x_wconf 84' lang='lat' dir='ltr'>legem</span> <span class='ocrx_word' id='word_1_167' title='bbox 444 3103 702 3199; x_wconf 80' lang='lat' dir='ltr'>evangelicam,</span> <span class='ocrx_word' id='word_1_168' title='bbox 730 3131 840 3202; x_wconf 85' lang='lat' dir='ltr'>eaque</span> <span class='ocrx_word' id='word_1_169' title='bbox 863 3105 907 3179; x_wconf 90' lang='lat' dir='ltr'>de</span> <span class='ocrx_word' id='word_1_170' title='bbox 929 3132 999 3202; x_wconf 79' lang='lat' dir='ltr'>qua</span> <span class='ocrx_word' id='word_1_171' title='bbox 1022 3107 1185 3184; x_wconf 87' lang='lat' dir='ltr'>Christus</span> <span class='ocrx_word' id='word_1_172' title='bbox 1228 3148 1231 3155; x_wconf 94' lang='lat'>·</span> 
     </span>
     <span class='ocr_line' id='line_1_27' title="bbox 299 3209 1231 3330; baseline 0 -30"><span class='ocrx_word' id='word_1_173' title='bbox 299 3219 547 3330; x_wconf 67' lang='lat' dir='ltr'>perfectiones,</span> <span class='ocrx_word' id='word_1_174' title='bbox 587 3227 716 3309; x_wconf 81' lang='lat' dir='ltr'>Estote,</span> <span class='ocrx_word' id='word_1_175' title='bbox 754 3209 805 3304; x_wconf 73' lang='lat' dir='ltr'>tit</span> <span class='ocrx_word' id='word_1_176' title='bbox 828 3219 890 3314; x_wconf 76' lang='lat' dir='ltr'>It),</span> <span class='ocrx_word' id='word_1_177' title='bbox 918 3232 1077 3314; x_wconf 74' lang='lat' dir='ltr'>pep‘ccri,</span> <span class='ocrx_word' id='word_1_178' title='bbox 1102 3234 1186 3315; x_wconf 78' lang='lat' dir='ltr'>ficut</span> <span class='ocrx_word' id='word_1_179' title='bbox 1227 3294 1231 3327; x_wconf 50' lang='lat'><em>3</em></span> 
     </span>
    </p>

    <p class='ocr_par' dir='ltr' id='par_1_7' title="bbox 286 3348 1231 3552">
     <span class='ocr_line' id='line_1_28' title="bbox 300 3348 1231 3435; baseline 0 -18"><span class='ocrx_word' id='word_1_180' title='bbox 300 3367 331 3417; x_wconf 79' lang='lat' dir='ltr'>et</span> <span class='ocrx_word' id='word_1_181' title='bbox 357 3357 453 3435; x_wconf 69' lang='lat' dir='ltr'>Potor</span> <span class='ocrx_word' id='word_1_182' title='bbox 473 3361 576 3413; x_wconf 77' lang='lat' dir='ltr'>vester</span> <span class='ocrx_word' id='word_1_183' title='bbox 600 3350 726 3422; x_wconf 72' lang='lat' dir='ltr'>colestir</span> <span class='ocrx_word' id='word_1_184' title='bbox 744 3348 901 3428; x_wconf 66' lang='lat' dir='ltr'>perfectus</span> <span class='ocrx_word' id='word_1_185' title='bbox 927 3364 991 3429; x_wconf 80' lang='lat' dir='ltr'>ert,</span> <span class='ocrx_word' id='word_1_186' title='bbox 1019 3357 1075 3435; x_wconf 78' lang='lat' dir='ltr'>qui</span> <span class='ocrx_word' id='word_1_187' title='bbox 1083 3352 1186 3434; x_wconf 79' lang='lat' dir='ltr'>solem</span> <span class='ocrx_word' id='word_1_188' title='bbox 1226 3380 1231 3429; x_wconf 83' lang='lat'>·:</span> 
     </span>
     <span class='ocr_line' id='line_1_29' title="bbox 286 3438 1231 3552; baseline 0.002 -21"><span class='ocrx_word' id='word_1_189' title='bbox 286 3469 386 3550; x_wconf 73' lang='lat' dir='ltr'>suum</span> <span class='ocrx_word' id='word_1_190' title='bbox 413 3464 490 3542; x_wconf 80' lang='lat' dir='ltr'>oriri</span> <span class='ocrx_word' id='word_1_191' title='bbox 504 3461 705 3544; x_wconf 74' lang='lat' dir='ltr'>faritsuper</span> <span class='ocrx_word' id='word_1_192' title='bbox 727 3463 821 3533; x_wconf 81' lang='lat' dir='ltr'>bonos</span> <span class='ocrx_word' id='word_1_193' title='bbox 846 3478 877 3535; x_wconf 84' lang='lat' dir='ltr'>et</span> <span class='ocrx_word' id='word_1_194' title='bbox 900 3468 1019 3545; x_wconf 83' lang='lat' dir='ltr'>molor,</span> <span class='ocrx_word' id='word_1_195' title='bbox 1046 3482 1078 3531; x_wconf 86' lang='lat' dir='ltr'>et</span> <span class='ocrx_word' id='word_1_196' title='bbox 1100 3471 1186 3552; x_wconf 83' lang='lat' dir='ltr'>pluit</span> <span class='ocrx_word' id='word_1_197' title='bbox 1227 3438 1231 3541; x_wconf 72' lang='lat' dir='ltr'>i</span> 
     </span>
    </p>

    <p class='ocr_par' dir='ltr' id='par_1_8' title="bbox 214 3556 1231 3917">
     <span class='ocr_line' id='line_1_30' title="bbox 214 3556 1231 3681; baseline 0.007 -36"><span class='ocrx_word' id='word_1_198' title='bbox 214 3654 216 3659; x_wconf 22' lang='lat'><strong>¹</strong></span> <span class='ocrx_word' id='word_1_199' title='bbox 287 3584 386 3679; x_wconf 69' lang='lat' dir='ltr'>¹Juper</span> <span class='ocrx_word' id='word_1_200' title='bbox 411 3587 508 3666; x_wconf 79' lang='lat' dir='ltr'>iustos</span> <span class='ocrx_word' id='word_1_201' title='bbox 531 3595 564 3650; x_wconf 80' lang='lat' dir='ltr'>et</span> <span class='ocrx_word' id='word_1_202' title='bbox 584 3583 738 3666; x_wconf 80' lang='lat' dir='ltr'>iniustos,-</span> <span class='ocrx_word' id='word_1_203' title='bbox 764 3575 884 3667; x_wconf 84' lang='lat' dir='ltr'>quales</span> <span class='ocrx_word' id='word_1_204' title='bbox 912 3600 978 3646; x_wconf 88' lang='lat' dir='ltr'>nos</span> <span class='ocrx_word' id='word_1_205' title='bbox 1002 3573 1099 3658; x_wconf 77' lang='lat' dir='ltr'>Patri</span> <span class='ocrx_word' id='word_1_206' title='bbox 1119 3579 1192 3655; x_wconf 73' lang='lat' dir='ltr'>[uo&#39;</span> <span class='ocrx_word' id='word_1_207' title='bbox 1224 3556 1231 3681; x_wconf 85' lang='lat'><em>3</em></span> 
     </span>
     <span class='ocr_line' id='line_1_31' title="bbox 297 3691 1231 3803; baseline 0 -37"><span class='ocrx_word' id='word_1_208' title='bbox 297 3693 544 3767; x_wconf 79' lang='lat' dir='ltr'>reconciliatos</span> <span class='ocrx_word' id='word_1_209' title='bbox 571 3691 738 3771; x_wconf 80' lang='lat' dir='ltr'>Christus</span> <span class='ocrx_word' id='word_1_210' title='bbox 760 3711 948 3772; x_wconf 79' lang='lat' dir='ltr'>vocaturus</span> <span class='ocrx_word' id='word_1_211' title='bbox 974 3715 1044 3764; x_wconf 81' lang='lat' dir='ltr'>estt</span> <span class='ocrx_word' id='word_1_212' title='bbox 1080 3703 1184 3769; x_wconf 66' lang='lat' dir='ltr'>Vtar&#39;te</span> <span class='ocrx_word' id='word_1_213' title='bbox 1225 3722 1231 3803; x_wconf 74' lang='lat'><em>3</em></span> 
     </span>
     <span class='ocr_line' id='line_1_32' title="bbox 295 3808 1231 3917; baseline 0.003 -33"><span class='ocrx_word' id='word_1_214' title='bbox 295 3819 443 3884; x_wconf 78' lang='lat' dir='ltr'>benedicti</span> <span class='ocrx_word' id='word_1_215' title='bbox 471 3822 575 3884; x_wconf 75' lang='lat' dir='ltr'>Patris</span> <span class='ocrx_word' id='word_1_216' title='bbox 601 3827 683 3901; x_wconf 80' lang='lat' dir='ltr'>mei,</span> <span class='ocrx_word' id='word_1_217' title='bbox 721 3827 761 3886; x_wconf 89' lang='lat' dir='ltr'>nt</span> <span class='ocrx_word' id='word_1_218' title='bbox 793 3835 838 3884; x_wconf 81' lang='lat' dir='ltr'>ox</span> <span class='ocrx_word' id='word_1_219' title='bbox 861 3808 1093 3893; x_wconf 71' lang='lat' dir='ltr'>‘miseratione</span> <span class='ocrx_word' id='word_1_220' title='bbox 1119 3811 1184 3887; x_wconf 80' lang='lat' dir='ltr'>Pa·</span> <span class='ocrx_word' id='word_1_221' title='bbox 1224 3818 1231 3917; x_wconf 73' lang='lat' dir='ltr'>j</span> 
     </span>
    </p>
   </div>
   <div class='ocr_carea' id='block_1_4' title="bbox 330 3948 905 4031">
    <p class='ocr_par' dir='ltr' id='par_1_9' title="bbox 330 3948 905 4031">
     <span class='ocr_line' id='line_1_33' title="bbox 330 3948 905 4031; baseline 0.003 -16"><span class='ocrx_word' id='word_1_222' title='bbox 330 3948 470 4031; x_wconf 63' lang='lat' dir='ltr'>01»va</span> <span class='ocrx_word' id='word_1_223' title='bbox 489 3957 544 4021; x_wconf 82' lang='lat' dir='ltr'>IV.</span> <span class='ocrx_word' id='word_1_224' title='bbox 629 3954 661 4030; x_wconf 74' lang='lat' dir='ltr'>t)</span> <span class='ocrx_word' id='word_1_225' title='bbox 678 3960 781 4020; x_wconf 73' lang='lat' dir='ltr'>Manu</span> <span class='ocrx_word' id='word_1_226' title='bbox 806 3960 839 4018; x_wconf 84' lang='lat' dir='ltr'>V.-</span> <span class='ocrx_word' id='word_1_227' title='bbox 859 3965 905 4029; x_wconf 58' lang='lat' dir='ltr'>tut</span> 
     </span>
    </p>
   </div>
   <div class='ocr_carea' id='block_1_5' title="bbox 0 0 1242 4568">
    <p class='ocr_par' dir='ltr' id='par_1_10' title="bbox 0 0 1242 4568">
     <span class='ocr_line' id='line_1_34' title="bbox 0 0 1242 4568; baseline 0 2"><span class='ocrx_word' id='word_1_228' title='bbox 0 0 1242 4568; x_wconf 95' lang='lat' dir='ltr'> </span> 
     </span>
    </p>
   </div>
  </div>
 </body>
</html>
