2474 4568
183 284 293 354 on
567 261 799 353 ξ

107 412 223 479 Ουυτ
249 412 414 488 Christus
441 412 557 488 dicere
584 434 747 512 poterat,
783 438 897 487 errare
926 439 1012 503 cos,
1046 441 1129 491 nos·

5 626 8 631 ¹
108 536 224 603 CXXH·
250 531 382 604 cientes
416 533 627 628 scripturas,
667 521 783 633 neque
818 528 984 604 virtutem
1022 529 1126 605 Dei:

95 646 335 745 mquid
361 647 551 730 dicendum
577 650 622 722 de
641 645 903 734 Materialistis‚
932 647 992 743 qui
1014 648 1128 722 hodie

247 766 373 839 orbem
402 768 540 862 replent
567 786 651 863 post
684 763 906 838 clarissimam
936 764 1129 861 Evangelii

246 881 396 956 lucem?
439 881 501 978 qui
528 882 678 980 perinde
709 908 776 960 nee
806 880 1126 971 resurrectionem,

246 1025 365 1095 neque
393 1002 558 1094 angelum
589 1017 651 1077 aut
677 999 835 1097 spiritum
864 1021 942 1092 esse
977 996 1126 1087 dicunt,

245 1118 394 1211 ¹seseque
420 1115 456 1191 iu
485 1136 580 1196 tanta
606 1115 731 1195 mentis
758 1113 978 1195 hebetudine
999 1139 1041 1191 ac
1066 1138 1128 1186 cae÷

246 1229 351 1304 citate
372 1232 504 1304 cacteris
524 1231 732 1306 mortalibus
750 1229 861 1332 magis
878 1231 1000 1328 sapere
1019 1249 1127 1326 atque

244 1347 383 1431 acutius
421 1375 565 1421 cernere
602 1348 665 1420 fibi
700 1349 938 1447 persuadent,
978 1347 1127 1443 eoquod

245 1464 316 1551 nil,
354 1463 421 1535 nisi
444 1465 544 1562 quod
567 1466 679 1539 oculis
706 1463 892 1552 hauriunt,
921 1484 956 1538 et
977 1468 1128 1570 palpant

244 1582 432 1670 manibus,
471 1581 642 1668 credunt,
678 1595 838 1664 nescientes
851 1589 1052 1672 scripturas,
1081 1609 1129 1653 nt·

245 1730 306 1793 qne
322 1714 472 1775 virtutem
488 1687 560 1779 Dei,
612 1699 712 1772 Nihil
732 1725 882 1797 nempe,
904 1698 1004 1795 quod
1023 1698 1127 1794 supra

149 1905 151 1911 ι
243 1831 390 1916 captur'n
413 1804 511 1890 suurn
535 1836 606 1913 est,
632 1814 848 1888 inanimum
871 1814 934 1887 srbi
956 1814 1127 1887 inducere

244 1916 287 2016 ac
314 1935 458 2015 credere
487 1932 544 2017 isti
570 1936 722 2022 volunt,
752 1930 827 2018 ‘suis
856 1930 982 2018 irretiti
1010 1931 1127 2005 dubiis

123 2058 125 2063 ’
165 2128 169 2136 ,
241 2069 278 2126 ct
303 2049 475 2131 suffocati,

318 2283 477 2362 Econtra
498 2282 559 2380 qui
583 2284 672 2367 sunt
684 2280 855 2357 docibiles
873 2280 969 2370 Dei,
997 2280 1136 2356 didico'

242 2419 400 2497 suntque
423 2427 468 2473 ex
492 2403 677 2496 apostolo,
705 2398 885 2497 captivare
905 2397 1126 2481 intellectum

126 2592 129 2598 ,
242 2516 281 2588 in
312 2516 524 2612 obsequium
552 2516 636 2591 fidei
662 2515 859 2598 firmissime
890 2516 1054 2614 persuasi
1080 2515 1125 2588 de

242 2633 374 2706 virtute
407 2631 503 2718 Dei,
542 2633 612 2705 hoc
647 2659 723 2715 uno
757 2635 857 2706 scuto
878 2637 962 2706 ‘tela
998 2635 1124 2715 satauae

242 2748 381 2835 omnia,
401 2748 461 2843 qui
475 2765 750 2845 protoparentes
765 2768 906 2824 nostros
918 2751 1005 2829 falsa
1018 2749 1126 2827 [cien-

241 2867 299 2947 tiae
326 2864 500 2960 opinione
529 2863 678 2952 deiecit,
706 2866 919 2964 dispellunt3
948 2866 1125 2962 mysteria·

242 3006 315 3076 que
354 3005 586 3076 quaecumque
622 2981 708 3062 nihil
742 2981 889 3079 penitus
925 2983 1124 3057 haesitantes

240 3096 440 3179 indubitata
460 3097 531 3170 fide
556 3098 716 3189 credunt.
767 3098 817 3179 Hi
843 3099 928 3182 dum
952 3097 1123 3197 sibiipsis

242 3215 410 3300 diffidunt
439 3213 565 3308 (secus
590 3241 631 3302 ac
654 3215 727 3304 illi,
755 3214 818 3314 qui
841 3229 1002 3309 nescienter
1020 3225 1123 3308 strip·

241 3354 346 3417 euros,
369 3335 480 3409 varias
501 3333 638 3417 illarum
654 3333 965 3431 interpretationes
986 3330 1122 3429 sibique

243 3448 434 3530 contrarias
457 3448 495 3518 in
518 3449 676 3522 medium
697 3451 901 3548 proferunt,
929 3470 970 3525 ut
996 3447 1122 3523 identi-

243 3566 325 3647 dem
348 3566 510 3661 feccrunt
527 3564 733 3663 faciuntque
754 3564 935 3669 haeretici)
960 3566 1122 3663 magiste-

240 3681 297 3765 rio
316 3681 483 3757 Ecclesiae
506 3701 585 3759 tuto
603 3709 639 3756 se
664 3685 890 3770 committunt
912 3683 1121 3758 carbonaria

240 3797 318 3903 iila,
344 3819 384 3871 ut
406 3798 478 3870 dici
497 3801 604 3885 folet,
631 3802 715 3875 fidei
736 3801 974 3898 fimplicitate,
1001 3827 1120 3898 neque

167 3968 169 3973 f
236 3937 327 3998 vero
359 3914 397 3995 id
426 3916 524 4014 levi,
555 3919 616 3998 sed
653 3918 852 3995 firmissima
884 3919 1041 4008 faciunt,
1078 3945 1120 3992 ac
