2638 4694
257 421 373 494 ΒΑΜ
395 434 515 528 ginem
555 432 628 506 Dei
662 433 768 506 creati
804 434 1061 509 intellectu‘et
1095 441 1271 512 voluntate

265 543 364 600 cxxi.
396 545 558 646 praediti:
597 576 670 647 quo
697 550 789 622 redit
812 554 871 623 Iex
896 552 955 624 illa
974 547 1161 628 ⁴charitatis
1189 551 1272 642 Dei,

238 654 433 740 mut
460 679 608 754 diligatur
638 695 677 739 ex
704 690 770 740 toto
796 678 902 757 corde,
941 696 981 740 ex
1011 693 1081 742 toto
1109 682 1269 758 intellectu,

394 813 434 858 ex
446 807 515 858 totu
528 798 651 870 uriimu,
669 805 748 855 etex
761 804 830 854 totu
838 793 1030 872 fortitudine
1048 784 1101 877 a).
1129 788 1191 860 Ad
1208 789 1269 860 hoc

394 903 506 979 homo
528 901 564 971 in
587 900 675 972 statu
692 899 899 996 integritatis
923 901 1050 979 aDeo
1068 906 1183 978 fuerat
1206 925 1271 977 tum

392 1016 612 1106 naturalibus
638 1016 887 1104 facultatibus,
923 1044 1004 1091 curn
1038 1020 1144 1092 etiam
1166 1021 1271 1116 super·

364 1133 612 1224 ,naturalibus
652 1133 841 1206 instructus
880 1134 1125 1220 „Secundum
1163 1137 1268 1223 illud,

390 1253 474 1329 funt
499 1251 609 1325 verba
636 1247 687 1320 D.
710 1249 865 1323 Thomae
889 1247 951 1338 b),
978 1251 1084 1327 Ech.
1116 1277 1171 1342 17.
1198 1261 1270 1323 Deus

384 1375 466 1454 sctit
495 1375 646 1438 homiuem
676 1365 799 1444 rectut‘tr.
860 1367 947 1440 Erat
976 1369 1073 1442 enirn
1106 1369 1267 1442 rectitudo

391 1482 586 1555 fecundum
605 1483 693 1572 hoc,
713 1483 813 1576 quod
832 1483 921 1556 ratio
939 1485 1161 1560 subdebatur
1181 1485 1266 1570 Deo,

392 1599 521 1672 rationi
560 1625 647 1678 vero
688 1599 871 1672 inferiores
914 1601 1034 1691 vires,
1083 1623 1122 1676 et
1157 1600 1266 1676 animat

311 1808 313 1810 ,
393 1741 533 1812 corpus.
585 1716 702 1788 Prima
731 1736 847 1788 autem
873 1716 1047 1791 subiectio
1075 1737 1150 1792 erat
1174 1741 1266 1792 causa

388 1832 576 1918 fecundae,
607 1853 642 1904 et
673 1831 789 1909 tertiae.
858 1833 1041 1926 Quamdiu
1072 1825 1264 1910 enirnratio

389 1949 557 2022 manebat
597 1949 683 2029 Deo
705 1949 908 2037 subiecta,
952 1951 1127 2026 inferiora
1162 1950 1263 2024 eidem

386 2065 643 2140 subdebantur.
656 2062 678 2104 “
745 2067 925 2141 Pro'vocat
958 2070 1005 2141 ad
1040 2071 1086 2166 S„
1111 2065 1264 2165 Augusti·

389 2207 500 2270 num,
537 2182 599 2278 qui
624 2183 685 2256 lib.
713 2179 817 2256 XIII.
846 2185 890 2256 de
918 2184 985 2258 civ.
1015 2185 1091 2260 Dei
1119 2187 1164 2258 de
1186 2184 1263 2254 statu

389 2320 524 2372 naturae
544 2319 720 2396 corruptae
741 2300 844 2373 dicit:
872 2351 894 2386 „
908 2299 1021 2393 Quod
1040 2323 1262 2400 posteaquam

387 2415 558 2514 praecepti
586 2419 677 2490 facta
707 2417 941 2514 transgressio
973 2439 1052 2508 est,
1088 2415 1263 2508 confestim

374 2533 500 2631 'gratia
526 2535 711 2607 deserente
736 2533 876 2621 divina,
904 2535 949 2606 de
976 2535 1261 2634 corporumsuo·

225 2693 228 2700 ,
278 2681 281 2686 ·
385 2676 464 2723 rum
487 2649 648 2724 nuditate
670 2651 808 2722 confusi
829 2653 921 2724 sunt.
965 2639 1261 2730 S'enseruntenim

383 2787 524 2842 motum
566 2765 804 2842 inobedientis
846 2763 960 2839 carnis
998 2770 1067 2841 sure
1102 2785 1258 2862 tanquam

380 2883 607 2980 reciprocam
651 2907 794 2979 poenam
838 2882 1104 2958 inobedientiae
1140 2886 1215 2984 sutt-
1240 2878 1258 2913 “

382 3001 481 3074 Rem
515 3001 560 3072 ab
593 3023 665 3074 ovo
697 3019 860 3096 repetens
893 2999 924 3074 S.
961 2999 1119 3074 Hilarius
1152 2991 1259 3071 verbis

377 3115 452 3190 illis
476 3117 568 3214 Gen.
593 3117 692 3206 11.7.
715 3117 961 3192 modo'allatis
986 3142 1059 3216 prae
1083 3115 1191 3192 oculis
1208 3111 1258 3182 ha-

268 3321 273 3327 .
381 3235 487 3310 bitis:
533 3245 576 3308 Et
599 3246 769 3324 inspiravit
791 3247 826 3306 in
845 3243 964 3324 furiem
991 3249 1058 3307 eius
1071 3238 1257 3326 spiraculum

381 3365 455 3425 vitu
481 3374 538 3424 etc.
589 3401 611 3437 „
630 3350 859 3447 Inspiratioui
884 3375 970 3446 ergo
992 3351 1104 3438 huic,
1130 3348 1177 3419 ait
1201 3338 1255 3430 c),

371 3487 623 3566 preparatus,
656 3465 727 3540 five
753 3463 923 3542 formatus
950 3487 1026 3554 est,
1065 3493 1132 3565 per
1158 3479 1254 3557 quam

297 3565 300 3573 ¹
380 3606 506 3658 natura
528 3569 653 3657 animae
677 3605 712 3656 et
735 3584 895 3680 corporis
918 3585 956 3655 in
976 3585 1058 3658 vitae
1080 3573 1256 3682 perfectio·

362 3728 462 3776 ¹nem
491 3702 648 3798 quodam
675 3700 834 3798 inspirati
860 3701 998 3800 spiritus
1025 3702 1158 3774 Ioedere
1181 3712 1256 3767 con·

253 3859 258 3871 '
367 3849 649 3951 'nituerit
670 3893 714 3949 u·
799 3871 1108 3954 utemur.
1130 3893 1154 3933 ι.

332 4027 335 4032 ,
443 3958 473 4028 e)
489 3962 527 4032 ln
542 3961 640 4024 Ptulm.
664 3957 806 4022 txrrtr.
825 3962 868 4024 tit.
890 3959 926 4020 Χ.
948 3980 973 4016 n.
995 3969 1019 4023 ε.
1037 3974 1064 4037 p.
1084 3970 1145 4028 300.
