2604 4696
372 327 410 340 “
878 319 927 390 97

43 455 127 535 fieri,
144 435 497 536 std'noudum‘flutim
521 453 604 529 finis.
667 455 829 532 Consurget
852 461 931 518 enim
955 442 1070 510 cnut

42 593 112 651 gens
134 585 402 647 contragorum,
424 581 456 633 tt
471 589 595 646 regnum
616 572 765 633 adversus
785 590 928 649 regnum,
950 567 1076 626 cxxvi.

42 703 77 752 et
109 702 205 752 eruut
229 667 433 770 pestilentie,
468 699 498 748 et
520 685 647 763 fumes,
684 700 716 749 et
744 688 1083 752 terremotusvvv

34 826 94 892 per
110 777 192 868 locui
245 803 313 866 Hac
333 815 436 867 autem
456 806 562 863 omnia
582 806 675 865 initio
683 801 764 882 sunt
781 805 928 868 dolorum.

117 1027 249 1102 Multa
279 1025 397 1101 adhuc
427 1027 644 1124 sequuntur,
680 1027 927 1124 habenturque
938 1053 1015 1110 Finis
1030 1058 1079 1131 sy.

40 1147 151 1218 etiam
179 1145 276 1241 apud
301 1145 516 1216 Matthaeum
542 1167 577 1216 et
603 1146 775 1216 Marcum
802 1141 1074 1250 εαάεηιξξῗέᾗῗέ

39 1265 140 1334 haud
169 1288 251 1334 raro
277 1260 402 1334 iisdem
430 1263 503 1334 fere
532 1268 698 1356 expressa
723 1262 842 1333 verbis
868 1265 926 1333 vel
938 1264 1074 1390 fflupn

38 1379 218 1452 sententia
249 1378 294 1449 de
328 1376 469 1450 excidio
505 1379 601 1452 urbis
638 1399 673 1451 et
706 1379 826 1466 orbis,
865 1381 1066 1481 senmurum-

39 1495 354 1568 consummatione
376 1495 511 1582 saeculi,
546 1517 586 1569 ut
612 1495 808 1567 distinctius
831 1496 925 1591 apud
939 1479 1057 1594 &pfl-¹¹⁹

39 1614 262 1684 Matthaeum
288 1612 519 1707 interrogatio
548 1612 810 1714 discipulorum
833 1613 929 1684 insti-

37 1730 153 1802 tuitur
177 1726 240 1817 a):
279 1737 339 1798 Dic
365 1740 472 1816 nobis,
509 1741 632 1821 quondo
659 1739 863 1802 tuterunt?
897 1751 929 1802 et

40 1857 126 1938 quod
143 1851 270 1932 fignum
304 1847 557 1933 adventettui',
596 1868 626 1917 ct
658 1857 929 1918 consummationis

31 1973 168 2051 seculi?
234 1962 511 2034 Observandum
545 1989 657 2048 vero,
694 1963 928 2057 quaestionem

41 2081 134 2152 hanc
158 2105 235 2152 esse
256 2081 404 2165 factam,
433 2079 581 2174 quando
606 2079 767 2150 Christus
794 2101 928 2175 postre-

41 2224 137 2269 mum
168 2181 187 2268 e
217 2199 351 2290 templo
380 2195 445 2267 fuit
474 2219 635 2290 egressus
663 2195 811 2290 ipsaque
837 2195 926 2266 urbe

42 2333 123 2409 post
151 2311 401 2408 triumphalem
428 2312 528 2383 suum
557 2310 593 2380 in
621 2311 769 2383 eandem
797 2297 928 2405 ingres·

43 2457 138 2516 sum,
167 2430 214 2500 ad
239 2428 527 2500 constituendum
553 2427 614 2498 sibi
638 2453 787 2523 regnum
804 2428 927 2499 Ecole·
957 2453 961 2478 ¹

44 2546 124 2617 siam
160 2571 225 2641 per
253 2545 399 2631 orbem,
431 2544 559 2616 reiecta
586 2544 707 2641 templi
734 2545 925 2641 religione,

43 2663 230 2760 repudiata
253 2663 457 2758 synagoga,
485 2662 658 2757 sacrisque
684 2661 858 2750 Judaicis‚
885 2681 927 2736 ut

46 2779 366 2852 Christus'mulieri
390 2779 611 2852 Samaritanae
635 2779 847 2876 praedixerat
870 2765 925 2854 Joss

45 2895 103 2970 IV.
133 2922 192 2972 att.
221 2901 360 2983 Mulier,
388 2909 472 2968 crede
494 2907 591 2984 mini,
620 2911 696 2988 quia
717 2910 804 2968 uenit
827 2906 924 2983 ltoru,

47 3023 165 3103 quondo
185 3041 281 3104 neque
298 3027 332 3084 in
350 3036 452 3086 monte
469 3024 545 3101 doc,
567 3041 662 3106 neque
680 3027 712 3084 iu
727 3023 926 3103 Jerosolymir

45 3141 214 3204 adorabitis
240 3140 376 3203 Patrem.
694 3123 698 3128 ⁵

110 3361 289 3461 Apostoli
313 3359 542 3459 quaestionem
566 3359 661 3433 suam
684 3355 925 3450 instituentes,
955 3363 957 3372 ’

47 3483 196 3554 necdum
227 3480 404 3568 sciebant,
446 3479 626 3552 Christum
661 3480 760 3552 brevi
795 3480 927 3552 reditu·

48 3623 115 3672 rum
136 3598 193 3672 'ad
224 3597 364 3669 Patrem
396 3601 596 3683 coelestem‚
636 3624 859 3669 ascensurum
888 3598 925 3668 in

49 3719 194 3800 telum,
241 3712 397 3810 indeque
428 3733 512 3812 post
541 3734 703 3812 tempora
732 3734 926 3791 venturum

73 3857 103 3931 a)
122 3861 229 3917 Mutet.
251 3859 365 3918 XXIV.
384 3873 410 3931 3.

87 3951 205 4052 Tou<
233 3949 296 4024 IIL
572 3950 609 4026 G
