2602 4696
360 321 591 334 *nr-nn—

322 374 325 385 ,
674 347 677 352 -
847 309 916 375 143

57 421 247 503 seducendo
269 450 396 502 cuncta
420 449 641 525 peragentur.
682 423 839 528 'Signum
862 461 920 507 au·
945 431 1060 496 CAPUT

54 569 109 618 tem
134 545 350 642 praecipuum
374 572 413 617 ac
434 547 669 620 characterem
695 550 793 620 illum
819 576 864 622 ex
890 553 917 622 Ι.
942 547 1072 606 cmx·

51 664 92 734 Jo.
118 665 162 734 11.
194 688 250 733 22.
281 663 397 734 statuit
426 663 641 734 antichristi:
680 674 734 735 Hic
764 687 810 738 est
840 663 1073 738 ‹urrist—‘¹⁸⁶'l

51 790 193 865 christus,
222 791 275 869 qui
304 802 395 863 negat
421 789 547 850 Patrem
570 803 602 850 et
627 790 763 868 Filium,
791 803 920 879 nempe

51 897 154 966 Jesum
192 895 373 966 Christum
402 921 479 966 esse
509 921 634 967 verum
662 897 789 968 Filium
820 898 918 986 Dei,

53 1032 102 1082 aut
122 1038 205 1081 eum
231 1037 301 1081 non
325 1009 463 1083 venisse
485 1011 660 1084 incarne:
689 1040 766 1108 quac
790 1036 841 1086 est
860 1042 920 1088 au·

50 1127 315 1222 tiquissimorum
340 1127 482 1198 Parrum
504 1129 690 1216 sententia,
716 1131 776 1225 qui
796 1108 920 1204 contra
944 1113 951 1149 ²

50 1245 243 1316 huiusmodi
285 1266 441 1316 monstra
479 1245 681 1331 haeresum,
725 1273 802 1341 quae
843 1249 921 1344 ipsa

52 1362 140 1432 etiam
172 1361 207 1431 S.
236 1345 401 1432 ioannes
421 1360 456 1440 iu
491 1360 593 1432 citata
628 1361 777 1456 epistola
808 1365 920 1458 petit,

42 1476 106 1566 ¹iarn
141 1478 363 1572 temporibus
397 1478 600 1572 apostolicis
637 1459 768 1574 emergi
807 1503 923 1576 coepta

53 1596 256 1690 seripserunt
270 1595 302 1692 S,-
317 1594 469 1664 Irenaeus
486 1615 609 1664 contra
624 1594 802 1682 Haereses4
831 1597 923 1668 Ter·
962 1635 964 1640 ·

54 1714 209 1784 tullianus
237 1732 360 1782 contra
388 1709 648 1797 Marcionitas,
685 1735 718 1784 et
747 1712 783 1782 in
813 1738 921 1784 aureo

54 1828 89 1898 de
107 1837 382 1917 [inscriptionibus
404 1837 610 1899 hereticorum
632 1829 742 1915 libr0,
765 1829 826 1902 ubi
846 1857 922 1926 cap.

54 1944 224 2016 XX-Xlll.
252 1943 287 2013 id
316 1971 481 2039 expresse
509 1945 553 2016 de
582 1945 614 2016 S.
639 1946 799 2018 Joanne:
840 1948 925 2033 „At

55 2059 84 2129 in
112 2064 285 2158 epistola,
321 2060 435 2155 inquit
459 2059 527 2146 ἀ),
568 2087 628 2130 eos
659 2063 813 2133 maxime
843 2063 928 2132 anti-

15 2267 16 2274 *
57 2173 193 2252 christos
223 2199 350 2264 vocat,
387 2177 447 2272 qui
480 2176 660 2248 Christum
691 2195 862 2270 negarent
888 2177 927 2247 in

15 2281 17 2350 i
58 2317 146 2367 carne
171 2295 336 2377 venisse,
373 2293 491 2388 etqui
519 2321 593 2364 non
618 2315 782 2389 putarent
806 2291 927 2365 Jesum

59 2435 120 2482 esse
137 2412 265 2482 Filium
285 2410 367 2504 Dei,
396 2411 488 2512 [liud
510 2411 699 2495 Marcion,
718 2411 788 2481 hoc
806 2409 928 2482 Ebion

57 2525 283 2599 vindicavit.“
351 2527 419 2598 Sed
449 2526 621 2598 deteriora
655 2546 813 2610 monstra
845 2545 929 2598 aetas

15 2727 16 2732 ἵ
57 2667 164 2716 nostra
192 2643 293 2730 tulit,
332 2669 410 2738 quae
437 2645 588 2716 necdum
616 2643 707 2714 vidit
732 2642 930 2717 Bossuetus

15 2749 16 2760 ¹
59 2757 73 2846 (
83 2785 121 2830 ex
139 2761 270 2856 quibus
288 2759 354 2834 iam
374 2761 538 2844 cerberus
558 2761 735 2832 infernalis
757 2764 930 2856 templum

59 2869 142 2963 Dei,
180 2898 216 2948 et
244 2879 444 2950 sanctorum
479 2879 552 2949 eius
582 2875 741 2967 invasit)
777 2898 857 2949 nata
883 2877 930 2949 ad

59 2996 276 3090 praeparanda
319 2994 511 3065 antichristi
550 3016 710 3090 tempora
746 2991 930 3089 Voltaire,

60 3105 255 3198 Helvetius,
278 3111 487 3196 Rousseau,
510 3111 684 3197 Diderot,
708 3109 930 3195 Dalembert,

59 3222 205 3299 Rainald
233 3248 299 3298 etc.
327 3246 489 3320 tempora
515 3230 559 3296 de
587 3229 716 3320 quibus
747 3225 931 3296 Christus:

15 3405 16 3450 p
61 3351 146 3416 Filius
173 3355 327 3430 hominis,
362 3340 433 3431 ait,
466 3373 533 3416 curn
558 3355 698 3430 venerit,
722 3363 821 3434 putas
837 3350 934 3430 fidem

15 3533 18 3574 b
61 3469 186 3532 inueniet
211 3474 245 3533 in
271 3472 394 3534 terris?

15 3683 22 3772 i
113 3695 321 3794 Respiravit
338 3696 463 3770 iterum
482 3698 609 3768 sacculo
623 3695 687 3766 VI.
708 3694 741 3766 in
758 3695 935 3768 Occiden-

63 3828 91 3882 te
107 3814 208 3884 etiam
228 3814 412 3911 imperium
432 3815 639 3885 Romanum
658 3811 721 3886 [ub
739 3813 936 3890 Justiniano

15 3981 18 4112 p
95 3956 125 4030 ⁶)
143 3963 210 4030 Par·
231 3977 291 4029 214·
