2474 4568
317 233 394 302 434
647 249 877 264 --·

179 376 293 440 cirus
322 392 361 437 su
387 356 540 451 ultimo)
573 378 609 432 et
634 381 702 432 nos
730 362 997 456 perseveremus
1026 364 1196 440 cumillis

92 490 95 495 ’
157 466 357 556 cffixxrrin
383 465 498 537 sancta
520 459 658 533 civitate
682 455 869 532 Jerusalem
894 458 1014 549 nova,
1040 468 1121 537 ioco
1141 494 1194 540 ve-

87 627 90 638 .
168 618 309 676 „W
323 567 404 637 teris
426 565 517 636 iilius
536 558 708 634 terrestris
728 561 874 634 civitatis
894 581 929 633 et
946 563 1086 660 templi,
1104 569 1193 640 unde

301 663 384 762 'ipsi
407 676 542 756 profecti
580 661 730 755 (Marci
762 663 891 758 pariter
920 687 997 758 cap.
1026 687 1067 736 ac
1094 693 1194 740 versu

318 764 476 854 ultimo)
503 775 750 853 predicaverunt
778 771 910 853 ubique,
938 773 1072 839 Domino
1098 796 1194 858 coope-

302 889 425 953 rante,
444 887 474 938 et
479 872 650 952 sermonem
664 865 877 948 confirmante,
884 870 1085 954 sequentibus
1094 871 1210 953 figam

319 965 431 1061 Igitur
462 967 546 1037 dum
580 986 675 1035 nova
702 960 775 1034 heec
804 960 1013 1051 Jerusalem,
1040 961 1196 1040 Ecclesia

321 1064 455 1139 Christi
492 1067 601 1160 (quse
635 1063 679 1134 ab
715 1056 905 1134 Jerusalem
936 1084 1134 1161 progressa·
1160 1068 1195 1139 in

319 1165 574 1239 communione
598 1161 770 1235 catholica
797 1182 1022 1258 perseverat,
1060 1186 1101 1238 et.
1121 1195 1197 1242 cum

320 1293 362 1339 ea
388 1266 551 1339 Christus
575 1270 855 1349 omuibusdr'ebus,
884 1275 1044 1356 usquead
1068 1292 1197 1340 consum·

319 1380 484 1439 motionem
497 1360 631 1453 jecut)
655 1362 780 1459 coepit,
808 1358 870 1435 ubi
891 1384 992 1437 vetus
1012 1365 1138 1456 desiit,
1163 1370 1196 1440 iu

247 1530 255 1543 ,
315 1467 378 1538 ,itta
403 1466 525 1538 fideles
545 1460 765 1536 inDomino
784 1486 1003 1537 maneamus:
1035 1474 1105 1540 Non
1123 1482 1196 1540 mim

318 1577 485 1639 accessistis
515 1572 560 1636 ad
587 1563 780 1637 tractabilem
809 1586 963 1651 montem,
1002 1583 1042 1640 ut
1072 1561 1210 1658 Paulus'

251 1684 253 1690 '
319 1687 443 1738 monet
468 1661 507 1754 o)
521 1718 530 1750 ,
546 1671 608 1751 sed
632 1670 801 1736 accessistis
825 1669 868 1736 ad
893 1673 964 1738 Sion
993 1687 1146 1757 montem,
1170 1692 1197 1743 et

317 1779 479 1837 civitatem
509 1773 567 1835 Dei
592 1777 752 1850 viventis,
778 1768 947 1845 Jerusalem
976 1777 1145 1856 celestem,
1170 1791 1197 1842 et

310 1877 483 1939 multorum
503 1872 633 1935 millium
653 1875 828 1950 angelorum
841 1873 1074 1958 frequentiam,
1099 1891 1130 1942 et
1147 1881 1197 1942 Ec·

309 1975 439 2039 ¹clesiam
456 1975 711 2056 primitivorum,
739 1973 794 2056 qui
813 1973 975 2056 conscripti
987 1976 1070 2056 sunt
1092 1981 1126 2042 itt
1149 1999 1198 2042 ca·

316 2078 373 2154 Iis,
394 2089 427 2139 et>
442 2077 571 2138 iudicem
589 2077 723 2136 omnium
743 2074 842 2137 Deum
860 2074 1031 2156 &spiritus
1047 2077 1195 2142 iustorum
1227 2094 1232 2103 ·

309 2176 538 2260 perfectorum,
564 2167 791 2238 ee'eestamenu·
821 2174 895 2238 noni
922 2176 1123 2263 mediatorem
1151 2182 1197 2252 Je-

312 2267 403 2355 sum‚
430 2286 460 2339 et
471 2272 637 2355 sanguinis
658 2276 877 2356 aspersionem,
903 2276 1009 2340 melius
1030 2278 1194 2362 loquentem

315 2393 410 2459 quam
429 2375 511 2438 Atel.
545 2374 665 2451 Videte,
686 2393 721 2437 rte
741 2377 882 2438 recusetis
900 2373 1080 2460 loquentem.
1117 2371 1195 2446 Hoc

314 2468 500 2553 faciontes,
524 2491 603 2539 cum
625 2461 777 2560 gaudio,
802 2486 843 2538 ut
859 2468 1030 2562 apostoli,
1055 2491 1193 2567 exspec-

313 2567 577 2664 tabimus'diem
599 2566 718 2652 illum,
746 2587 854 2662 quem
872 2567 987 2664 angeli
1003 2569 1073 2642 illis
1102 2566 1195 2665 [quo-

221 2662 226 2673 ’
314 2678 397 2739 niam
419 2679 648 2758 appropinquat
671 2676 817 2738 redemtio
841 2692 946 2740 vestra
967 2664 1033 2762 b)]
1064 2667 1193 2745 denun-
1233 2682 1235 2713 ²

313 2769 462 2840 tiarunt:
496 2777 560 2836 Viri
589 2776 723 2853 uolitat,
754 2775 830 2859 quiri
844 2775 940 2853 statis
963 2780 1144 2860 aspicientes
1163 2787 1192 2844 in
1233 2796 1236 2807 ·

312 2879 443 2938 celum?
471 2874 527 2936 Hic
551 2871 660 2953 Jeme,
688 2877 742 2958 qui
769 2888 991 2942 assumentem
1016 2895 1037 2942 a
1058 2885 1145 2946 vobis
1163 2886 1191 2944 in

313 2981 438 3055 calcem,
461 2971 507 3053 sic
538 2982 661 3053 veniet,
693 2978 946 3059 quemadmodum
973 2980 1102 3046 vidistis·
1130 3002 1189 3048 eura
1234 2988 1236 3010 ¹

267 3155 270 3162 Ι
314 3093 434 3142 euntem
459 3082 492 3139 in
518 3079 623 3139 calum
648 3064 693 3156 c).
831 3122 841 3129 .
1039 3129 1044 3137 .
1228 3074 1236 3321 l

257 3307 265 3313 .
344 3259 375 3333 a)
395 3267 474 3320 IIebr.
496 3263 567 3320 XII.
589 3275 693 3334 πως.
717 3273 767 3322 ete.
810 3272 812 3276 '
843 3262 874 3340 b)
891 3265 954 3324 Luc.
972 3267 1063 3326 ‘XXL
1083 3281 1126 3333 ιι.

377 3335 405 3404 c)
425 3336 485 3389 Aet.
505 3337 532 3389 I.
554 3351 597 3390 11.

1172 3384 1229 3478 wi

491 3654 1227 3933 ’··········“ι
