2602 4696
372 369 602 390 *ι--ι-ι,

855 337 923 422 183

41 487 164 592 veteris
193 487 421 573 testamenti,
460 511 538 582 quae
567 501 667 558 erant
688 479 801 558 liuius
828 485 927 560 sacri·
948 469 1066 536 Μ’
1176 567 1179 576 p

38 603 140 677 ficii
129 633 172 676 rn
208 631 315 679 cruce
343 605 485 700 figurae,
510 604 579 676 iam
602 603 700 676 iuxta
721 579 1087 707 apostolurircffllf·

36 720 154 794 inania
186 727 380 802 elementa
446 720 546 816 Quid
571 747 659 794 vero
687 718 836 815 amplius
867 718 924 792 hic
941 709 1084 782 “W

36 839 150 926 foret,
193 840 228 911 si
258 839 322 912 sub
349 837 529 941 elementis
555 836 656 933 panis
685 835 819 914 etvini
849 859 924 908 non

35 957 163 1028 lateret
191 957 327 1028 veritas·
352 948 511 1051 corporis
537 974 571 1027 et
592 952 771 1049 sanguinis
795 951 930 1026 Christi

37 1069 133 1144 imita
160 1093 239 1145 tam
261 1092 422 1170 apertum
444 1071 584 1156 effatum
606 1069 765 1172 Christi?
792 1067 934 1158 „Cum,

38 1207 76 1260 ut
95 1191 228 1292 verbis
252 1191 287 1264 S.
309 1188 432 1262 Justini
454 1209 532 1263 utar
555 1183 614 1276 a),
642 1213 706 1284 per
727 1172 947 1259 alimoniam

39 1307 135 1378 luam
172 1307 302 1380 siccam
344 1305 442 1380 smol
481 1323 517 1380 et
552 1303 721 1399 liquidam
754 1302 928 1399 passionis

41 1420 152 1508 illius,
181 1450 291 1520 quam
318 1442 469 1518 ,propter
493 1446 554 1492 eos
581 1423 601 1516 (
612 1416 854 1508 christianos)
875 1417 930 1492 Fi·

42 1537 104 1609 iius
125 1539 207 1612 Dei
224 1565 348 1636 passus
369 1561 439 1624 est,
456 1536 741 1613 recordationem
760 1536 927 1610 faciunt.“

15 1743 16 1746 Ἴ
45 1653 142 1746 Quid
172 1657 300 1728 clarius
332 1654 404 1728 dici
431 1675 537 1750 queat
563 1655 644 1730 de
634 1651 809 1730 incruenti
837 1653 927 1727 illius

45 1771 200 1846 sacrificii
222 1771 482 1879 celebratione,
501 1797 615 1867 quam
628 1771 722 1846 idem
742 1769 774 1842 8
797 1789 928 1867 martyr

43 1884 80 1956 in
101 1888 275 1986 apologia
301 1889 345 1959 Ii.
368 1888 567 1984 singillatim
593 1885 769 1961 describit.
821 1886 929 1965 Plura

48 2005 146 2078 exS
166 2001 309 2078 Justiuo
337 2003 420 2076 alibi
445 2004 707 2098 recensuimus,
736 2026 928 2100 possetque

48 2115 182 2221 integra
221 2122 275 2194 88.
309 2121 450 2196 Parrum
487 2119 590 2194 feries
626 2120 741 2200 afferri
767 2117 827 2208 b),
866 2118 929 2214 qui

50 2259 279 2338 memoratum
305 2235 497 2310 Malachiae
522 2239 641 2308 locum
668 2237 738 2308 lruc
760 2234 930 2332 iuterpre-

53 2367 182 2441 tantun
213 2380 261 2428 ex·
280 2355 408 2450 quibus
433 2373 486 2426 est
508 2353 541 2426 S.
566 2353 720 2425 Irenacus
744 2352 835 2426 inter
860 2351 931 2448 pri·

52 2493 123 2542 mos
141 2467 182 2546 et¹
199 2470 420 2569 praecipuos,
444 2497 489 2543 ex
511 2497 586 2567 quo
606 2471 790 2542 afferemus
808 2471 929 2546 locum

55 2609 94 2656 ex
119 2589 230 2678 veteri
262 2589 359 2662 Msc.
388 2615 502 2684 nuper
531 2587 569 2660 iu
588 2591 711 2660 lucem
741 2587 833 2658 inter
857 2585 931 2666 alia

52 2709 224 2795 prolatum
251 2705 286 2780 in
311 2705 504 2778 novissima
526 2704 561 2778 8.
582 2703 703 2779 Ireuaei
731 2702 885 2776 editione
910 2729 931 2790 a

56 2818 315 2920 Christophoro
358 2821 485 2895 Pfaffio
525 2822 762 2908 Lutherauo,
799 2813 930 2917 quibus

55 2930 264 3036 Zwiugliani
308 2957 343 3038 er
363 2939 589 3028 2Calviuistae
620 2939 755 3012 merito
801 2963 932 3033 expro-

55 3049 167 3143 brant,
191 3057 324 3146 statuta
337 3058 420 3152 reali
440 3056 627 3156 praesentia
649 3056 685 3128 in
709 3055 931 3140 Eucharistia

53 3167 145 3266 sequi
166 3174 270 3246 etiam
292 3172 510 3265 oblationem
529 3173 605 3244 fieri
625 3174 685 3244 seu
707 3171 927 3253 sacrificium

53 3282 141 3366 Sam.
162 3291 254 3366 lebb
289 3313 401 3386 porro
428 3291 552 3382 anglus
579 3289 615 3356 in
646 3287 751 3362 tertio
776 3312 863 3381 opp.
894 3287 926 3363 8.

55 3398 567 3507 Justi-nivolumiue'ostendit
592 3401 650 3493 r),;
688 3407 869 3500 apostolos
895 3424 929 3480 et

57 3543 175 3598 omnes
209 3514 282 3596 iere
304 3525 486 3602 Ecclesiae.
517 3523 637 3594 Patres
672 3520 927 3601 Eucharistiam

55 3663 114 3731 pro
133 3642 220 3718 novi
242 3644 439 3740 testamenti
460 3641 630 3713 sacrificio
654 3639 828 3712 habuisse.
866 3639 929 3708 Er-

56 3779 170 3832 nestus
189 3757 355 3855 ,Gr'abius'
386 3758 507 3832 itidem
543 3760 667 3853 anglus
695 3752 731 3824 in
760 3755 852 3826 notis
881 3754 927 3826 ad

86 3937 121 4012 a)
129 3943 199 4078 {hippi
220 3962 246 3996 n.
269 3933 328 4012 ⁵117.
411 3938 595 4014 b)'1'rincip1‘u
612 3940 719 4019 tleoIcg.
740 3931 828 4008 liturg'.
852 3930 924 3994 M.

115 4031 130 4066 e
187 4032 228 4083 ag.
249 4028 319 4080 21ss-
