2474 4568
366 310 373 324 ι
433 321 665 333 ——-—

914 304 986 376 315

96 432 296 520 dederunt,
323 431 485 507 infideles
507 459 652 530 quoque
672 456 713 504 ac
734 433 892 528 profane
912 439 983 511 cul·
1012 423 1127 490 ΒΑΜ

96 570 194 639 tores
221 549 423 647 religionis,
450 551 615 624 fidelibus
643 550 799 648 populis,
860 620 863 626 ,
1029 546 1110 605 0ῑῆ

175 783 276 913 Durp
309 810 402 860 ,vero
439 784 604 882 prostrati
641 784 838 860 reverentia
868 786 984 860 divini
1060 783 1063 787 ’

99 901 257 980 nominis
275 901 516 998 numinisque,
535 903 659 982 iterum
678 929 698 974 a
717 903 862 980 Christo
880 904 986 979 inter·

99 1017 240 1114 rogati,
267 1018 393 1090 iterum
414 1028 520 1101 ,lesum
546 1030 741 1092 Nazarenum
763 1021 981 1107 inclamant-t

98 1135 171 1219 {uis
184 1133 303 1220 salvis,
322 1134 398 1231 ipse
416 1162 453 1207 se
467 1161 577 1217 unum
595 1162 661 1232 pro
675 1137 840 1214 omnibus
856 1140 984 1235 sponte

101 1251 227 1324 offert:
256 1277 382 1348 nempe
401 1261 522 1323 oblatus
539 1275 601 1340 est,
622 1266 698 1345 quia
714 1266 778 1343 ipse
798 1265 920 1340 voluit,
944 1280 985 1329 ac

100 1364 330 1464 semetipsum
352 1368 494 1440 tradidit
510 1368 546 1438 in
568 1395 690 1441 eorum
711 1395 857 1458 manus,
876 1369 914 1442 id
932 1373 986 1443 so·

102 1487 180 1572 lum
196 1484 434 1591 exprobrans,
456 1485 555 1580 quod
569 1485 667 1580 quasi
682 1486 726 1557 ad
740 1490 912 1564 latronem
928 1514 987 1561 ex„

102 1601 229 1674 iissent
246 1630 312 1672 cum
322 1611 436 1686 gladiis
448 1622 478 1672 et
485 1611 646 1689 flatibus,
664 1630 732 1673 cum
745 1614 899 1694 quotidie,
917 1603 984 1692 ait,

102 1715 277 1816 proximis
293 1717 442 1796 maxime
457 1739 538 1791 ante
551 1710 752 1827 passionem
768 1719 913 1806 diebus,
930 1748 988 1790 υο..

104 1844 220 1927 birrum
234 1843 353 1922 fuerim
379 1847 411 1904 in
434 1845 568 1925 templs,
594 1864 655 1907 non
675 1847 855 1909 extendistis
875 1865 986 1910 mantis
1026 1910 1030 1920 ,

105 1963 140 2023 in
175 1980 248 2036 me,-
278 1960 341 2041 fid
375 1960 434 2031 lure
470 1972 516 2022 est
548 1960 626 2020 Ιιονα
659 1973 790 2038 vestro,
836 1975 867 2025 et
897 1974 987 2043 pote,

105 2089 174 2140 stus
205 2077 393 2142 tenebrarum
420 2062 470 2167 a).
528 2065 577 2137 Et
605 2065 659 2137 his
693 2067 834 2138 demum
865 2070 986 2140 verbis

107 2184 438 2281 comprehendendi
462 2181 642 2254 Christum
668 2182 814 2257 facultas
841 2183 906 2255 illis
933 2203 986 2257 est

106 2302 224 2387 facta,
263 2327 354 2396 quos
380 2321 483 2372 antea
508 2298 699 2385 divinitatis
725 2301 793 2381 suae
823 2324 915 2372 voce
947 2301 985 2377 iu

107 2436 236 2491 terram
279 2436 525 2514 prostraverat.
603 2415 829 2508 „Quamvis
864 2415 984 2503 enim,

107 2517 220 2608 rerba
242 2535 323 2631 sunt
348 2534 378 2606 S.
403 2532 533 2605 Leonis
560 2531 599 2603 P.
625 2528 685 2620 h),
714 2559 759 2604 ex
785 2531 987 2613 infirmitate

100 2673 235 2742 ,nostra
262 2678 346 2723 vere
373 2676 493 2746 passus
519 2648 700 2721 Dominus
728 2649 855 2736 Jesus,
889 2677 988 2724 vere.-

109 2791 181 2865 que
213 2768 254 2839 stt
284 2788 467 2853 mortuus;
498 2793 573 2838 non
603 2789 719 2848 tamen
746 2767 793 2850 ita
819 2793 856 2838 se
882 2765 987 2839 absti.

109 2887 189 2959 nuit
210 2912 231 2957 a
252 2884 364 2980 gloria
384 2886 467 2970 sua,
494 2901 535 2956 ut
554 2883 643 2954 inter
663 2882 893 2955 contumelias
912 2910 989 2980 pas·¹

108 3002 219 3074 sionis
243 3001 344 3093 >nihil
381 3001 509 3080 divinae
545 2999 761 3096 operationis
798 3021 986 3079 exerceret,

110 3119 207 3196 Nam
231 3146 312 3192 cum
333 3118 461 3219 impius
480 3117 585 3187 ludas
607 3143 680 3186 non
697 3116 765 3186 iam
788 3117 896 3186 ovina
916 3120 990 3210 pelf

111 3240 146 3308 le
176 3239 335 3322 velatus,
366 3236 436 3306 sed¹
457 3231 582 3328 lupino
611 3233 732 3307 furore
761 3230 988 3317 manifestus,

110 3351 183 3424 vim
219 3353 355 3425 sceleris
386 3377 449 3447 per
476 3349 628 3445 speciem
661 3347 759 3444 pacis
788 3346 989 3443 incipiens,

113 3468 252 3573 lignum
275 3467 470 3541 traditionis
488 3467 641 3573 saeviore
656 3465 822 3539 omnibus
845 3465 920 3537 telis
940 3492 995 3536 os·

112 3590 197 3658 culo
229 3586 462 3684 praebuisset,
492 3603 528 3654 et
555 3585 749 3656 multitudo
778 3582 995 3666 furibunda,

112 3728 193 3798 quae
219 3705 265 3776 ad
286 3699 663 3796 comprehendendum
685 3698 886 3770 Dominum
911 3723 999 3771 curru

113 3840 246 3903 armata
262 3821 410 3892 militum
425 3815 573 3888 cohorte
587 3815 825 3900 confluxerat,
845 3817 934 3897 inter
947 3814 996 3885 fa·¹

147 3963 178 4036 a)
191 3967 256 4024 luc·
271 3967 372 4026 XXII.
387 3971 491 4033 §at-,etc
556 3956 587 4033 b)
599 3961 681 4016 Serm.
695 3959 727 4017 Ι.
740 3961 769 4015 tle
779 3961 852 4018 Pars.

76 4121 85 4153 x
131 4095 134 4103 ,
