2474 4568
389 136 624 222 a
872 157 946 228 2¹7
997 127 1002 138 ’

65 309 101 364 et
124 295 262 361 omnium
287 292 434 360 minister.
497 279 614 357 Addit
638 281 733 358 idem
763 281 809 359 de
838 286 947 361 advo·
968 278 1083 345 ΟΜ

65 424 149 479 cato
174 403 212 475 in
232 399 391 475 medium
410 426 547 497 puero,
573 400 724 497 perinde
747 426 789 476 ac
808 399 1103 493 MatthssXXXIX·

63 518 207 597 XVIII.
237 544 267 593 1.
293 543 374 592 cum
398 517 625 592 accessissent
646 516 811 617 discipuli
831 520 877 591 ad
896 516 1100 609 Ιε-ΨΝ

11 704 14 709 .
64 664 146 712 sum
171 636 351 710 dicentes:
378 643 455 728 ραι]
471 656 589 726 putas,
615 647 716 707 maior
735 657 781 708 est
804 647 837 707 in
858 664 948 722 regrro

63 763 235 829 celorum?
267 762 309 824 Et
329 761 491 824 advocans·
506 761 598 834 Jesus
615 762 810 843 parvulum,
828 758 948 850 statuit

61 882 96 945 ira
116 879 218 943 medio
237 897 358 956 eorum,
382 889 414 941 et
431 879 535 940 dixit:
562 879 660 940 Amen
677 878 745 939 dico
761 877 865 956 vobis,
888 880 947 942 rrisi

61 997 202 1060 conversi
213 994 364 1073 fueritis,
386 1006 418 1058 et
437 990 610 1072 efficiamini
621 989 706 1072 ficut
716 995 867 1076 parvuli,
887 1013 947 1057 rrorr

61 1112 223 1177 intrabitis
249 1114 281 1173 irr
307 1128 430 1187 regnum
455 1109 604 1173 celorum.
671 1109 850 1194 ,Quicunque
876 1107 970 1188 ergo'

61 1228 280 1295 humiliaverit
297 1245 329 1290 te
341 1223 423 1302 fieret
437 1227 596 1339 parvulus
615 1229 694 1309 iste,
719 1227 770 1290 irie
785 1239 831 1292 est
846 1231 946 1290 maior

59 1347 97 1408 ira
122 1363 213 1424 regno
239 1343 390 1406 celorum.

78 1564 225 1640 Ae
213 1593 251 1639 m
267 1568 352 1658 Ioco
373 1563 477 1640 nobis
500 1563 687 1664 proposito
704 1563 791 1641 Luc.
812 1549 939 1640 XXII.
968 1564 1006 1626 iit
1025 1563 1074 1691 sup
1169 1581 1171 1584 ⁴

61 1683 235 1758 uoniam
261 1687 470 1780 parvulum,
495 1685 557 1757 sed
582 1712 620 1758 se
646 1683 764 1782 ipsum
791 1685 943 1760 exhibet
968 1652 1101 1710 ww

61 1798 275 1875 humilitatis⁴
295 1798 506 1896 stupendum
532 1804 759 1898 exemplum,
787 1801 942 1874 lavando

62 1916 318 2015 discipulorum
337 1917 471 2014 pedes:
500 1941 574 2012 quo
597 1943 685 1990 vero
708 1943 784 1990 non
805 1933 944 1990 attento

60 2035 158 2108 facta
182 2055 235 2108 est
263 2033 446 2107 contentio
469 2032 560 2106 inter
587 2058 673 2120 eos,
712 2031 792 2130 quis
819 2057 944 2120 eorum

61 2150 254 2228 videretur'
270 2178 345 2224 esse
365 2150 497 2238 maior,
519 2175 601 2223 cum
623 2151 741 2224 adhuc
760 2149 866 2224 Iudas
885 2148 943 2222 ad·

30 2261 34 2270 ’
61 2288 179 2355 essee,
206 2294 252 2341 an
276 2295 351 2342 non
373 2267 564 2342 incentor?
590 2267 652 2365 qui
675 2270 813 2342 loculos
836 2266 943 2340 habe·

61 2381 189 2476 bata)
214 2411 280 2458 ceu
305 2385 525 2483 dispensator
547 2384 770 2472 facultatum,
794 2410 868 2480 quo
893 2377 943 2457 ni·

61 2501 113 2574 hil
137 2500 176 2572 in
203 2502 363 2576 humanis
390 2522 496 2598 atque
520 2500 623 2574 sacris
647 2526 793 2597 quoque
816 2500 862 2572 ad
888 2500 942 2571 Iu·

61 2615 300 2716 perbiendum
322 2618 523 2718 proclivius.
579 2617 750 2715 Equidem
773 2616 810 2690 in
834 2616 943 2690 Petro'

61 2752 153 2808 tunc
177 2735 398 2832 praesumtio,
425 2737 520 2808 nulla
538 2759 627 2811 vero
648 2734 794 2807 ambitio
816 2753 876 2806 aut
894 2734 944 2805 fa·

62 2870 139 2925 stus
164 2851 306 2926 notatus
328 2853 461 2938 fuerat3
488 2851 659 2948 quivero
687 2851 723 2923 in
750 2851 943 2949 primasca

62 2967 216 3064 epistola
238 2969 475 3065 praescriptam
490 2987 623 3064 contra
643 2968 862 3040 dominatum
884 2968 944 3038 sae·

63 3088 219 3159 cuiatem
238 3111 259 3158 a
276 3081 422 3156 Christo
443 3081 712 3156 consenioribus
732 3081 800 3154 suis
818 3081 945 3169 hierar.

63 3201 141 3276 chis
170 3200 338 3277 Ecclesiae
364 3198 592 3276 commendat
619 3200 768 3274 formam
798 3194 856 3291 b):
894 3208 945 3272 Se·

64 3330 167 3392 ttiores
191 3349 284 3407 ergo,
311 3331 366 3412 qui
391 3333 423 3392 in
437 3304 650 3409 maiitiam,
676 3329 818 3404 obsecro,
845 3345 946 3397 corase

10 3422 13 3553 I
65 3447 158 3524 aior,
185 3455 216 3508 et
243 3448 330 3510 testis
362 3445 473 3508 Christi
492 3447 698 3528 passionum:
724 3446 778 3526 qui
804 3453 835 3505 et
858 3444 945 3519 eius,

10 3580 131 3685 que
157 3565 193 3625 irr
207 3561 323 3643 futuro
344 3563 509 3626 revelantia
531 3573 598 3640 est,
619 3560 730 3638 glorie
744 3561 945 3621 communica·

69 3687 139 3741 tor:
172 3684 315 3761 parcite,
347 3681 401 3763 qui
430 3682 463 3741 irr
489 3678 578 3742 vobis
608 3688 677 3755 ert,
709 3694 829 3754 gregem
858 3674 944 3752 Dei,
994 3679 999 3694 '

97 3811 198 3886 ··)Jo
218 3810 973 3908 arreerrrrrrr9a)r.rm.rc1.‚
