2474 4568
445 220 676 275 Ε
927 252 997 321 ¹77

119 374 330 479 mysterium
349 374 600 450 incarnationis
622 376 792 474 unigeniti
813 379 891 452 Filii
907 380 998 468 Dei,
1028 372 1142 443 Ctlvt·

122 496 281 569 divinam
306 493 467 591 pandens
492 492 678 590 Evangelii
706 493 841 569 Christi
860 522 999 568 oecono-
1012 505 1149 562 CXXXV·
1193 578 1205 599 s

121 612 251 697 miam,
281 631 331 684 ut'
352 635 396 682 eo
431 613 579 706 amphus
613 610 800 698 miremur,
828 613 1159 710 summumvtst‘¹

78 728 83 807 ἓ
124 726 326 799 humilitatis
353 744 494 813 actum,
522 753 595 821 quo
624 724 784 799 Christus
814 727 1002 824 discipulo·

126 869 200 916 rum
225 843 335 940 pedes
357 842 463 915 lavit:
494 827 590 914 cuius
617 863 686 922 tam
713 843 866 916 studiose
891 844 1003 942 fingu-

129 961 175 1033 las
204 957 483 1032 circumstantias
515 957 731 1031 humiliantis
760 985 797 1031 se
829 960 1001 1056 exponit,

130 1094 166 1147 ut
184 1093 284 1146 tanto
310 1072 411 1146 altius
435 1075 601 1160 extoIlat,
626 1100 698 1169 quo
724 1075 855 1151 maiora
877 1099 1004 1174 myste-

131 1190 176 1264 ria·
193 1189 230 1261 in
258 1191 322 1262 luo
348 1179 509 1263 sermone
536 1190 741 1287 coniungit:
770 1219 809 1265 ac
835 1192 1004 1290 imprimis

130 1307 344 1405 quomodo,¹
368 1300 447 1379 cum
479 1306 660 1379 dilexisset
690 1309 792 1396 suos,
832 1310 867 1382 in
894 1311 1004 1383 linem

131 1423 249 1497 dilexit
275 1449 359 1511 eos,
398 1423 443 1504 de
470 1450 540 1520 qua
565 1420 757 1497 dilectione
786 1424 869 1498 alibi
897 1427 1004 1499 dicit:

128 1550 170 1612 Sic
196 1550 284 1613 Deus
309 1550 419 1612 dilexit
442 1552 606 1629 mundum,
635 1561 671 1612 ut
696 1552 808 1612 Filium
819 1552 917 1631 suum
941 1558 1007 1615 uni·

125 1670 258 1744 guitum
283 1667 392 1729 daret:
421 1655 532 1750 Quod
561 1657 765 1754 mysterium
794 1659 919 1730 iterum
947 1642 1026 1764 hic„

78 1872 80 1877 Ι
125 1774 246 1872 paucis
273 1773 427 1868 attingit,
448 1793 492 1870 et
513 1801 593 1846 cum
613 1774 689 1871 ipsa
713 1768 849 1847 lotione
871 1775 1007 1872 pedum

123 1891 169 1964 ita
198 1890 488 1987 quodammodo,
516 1890 612 1962 utin
638 1890 811 1990 principio
841 1892 1007 1987 Evange‹

124 1992 447 2102 lii'generationem
471 2006 625 2080 divinam
648 2036 728 2080 cum
750 2011 921 2096 humana,
950 1996 1008 2081 co'-

123 2126 238 2221 pulat:
268 2131 383 2210 Sciens,
412 2123 543 2219 inquit,
572 2137 647 2215 quia
670 2137 773 2194 omniu
792 2136 875 2196 dedit
896 2138 923 2195 ei
947 2136 1011 2196 Pa·

124 2263 168 2313 ter
198 2253 232 2311 in
260 2267 391 2329 manus,
425 2263 455 2310 et
485 2253 560 2332 quia
590 2267 610 2309 u
643 2249 709 2311 Deo
740 2252 865 2326 exivit,
906 2261 936 2312 et
966 2251 1010 2315 ud

123 2367 224 2430 Deum
243 2367 356 2427 vadit.-
371 2365 479 2446 surgit
500 2385 521 2427 α
543 2385 643 2443 coenn,
667 2377 697 2427 et
711 2357 801 2446 ponit
822 2368 1008 2429 vestimenta

111 2468 182 2566 suti
191 2507 214 2549 .·,
238 2495 270 2547 et
295 2501 362 2544 cum
392 2486 554 2563 accepisset
582 2484 731 2559 linteum,
762 2484 927 2563 precinxit
952 2502 1007 2562 se,

123 2601 230 2665 deinde
245 2602 343 2662 mittit
358 2602 514 2682 nqunmin
522 2600 640 2679 pelvim
652 2612 707 2660 etc.
734 2587 858 2681 „Quid
876 2610 1006 2678 autem,

124 2708 172 2781 ait
199 2706 236 2778 S.·
256 2693 479 2801 Augustinus
505 2703 564 2794 a),
592 2706 747 2802 mirum„
765 2706 793 2776 si
814 2707 962 2779 surrexit
986 2733 1017 2801 a,

125 2848 246 2910 coena,
286 2841 320 2894 et
350 2823 470 2918 posuit
497 2821 706 2894 vestimenta
736 2822 819 2909 sua,
855 2816 909 2916 qui
937 2804 1007 2896 cuni

123 2953 157 3011 in
172 2948 284 3028 formu
308 2947 366 3008 Dei
384 2959 483 3033 essct,
499 2929 700 3030 semetipsum
723 2926 924 3012 exinanivit?
958 2940 1007 3014 Et

124 3055 213 3154 quid
243 3054 389 3146 mirum,
427 3055 455 3126 si
489 3056 673 3151 praecinxit
702 3055 902 3146 se'linteo‚
942 3056 1006 3152 qui

114 3183 264 3264 fortium¹
273 3180 363 3262 servi
390 3184 562 3261 accipiens,
598 3181 706 3241 habitu
731 3184 874 3243 inventus
899 3196 944 3244 est
969 3193 1006 3243 ut

123 3300 243 3363 homo?
269 3289 356 3385 quid
380 3287 524 3373 mirum,
551 3288 578 3358 si
605 3286 697 3358 misit
720 3312 845 3382 aquam
870 3285 906 3358 in
932 3277 1005 3384 pel:

81 3424 103 3485 .‘
122 3407 228 3493 vim,
267 3408 364 3479 unde
406 3408 539 3497 lavaret
575 3405 667 3501 pede
693 3490 696 3495 Ι
723 3403 1003 3503 discipulorum,

123 3525 189 3620 qui
226 3523 264 3594 in
292 3502 424 3609 terram
454 3430 809 3618 sanguinemffiditf
840 3529 914 3617 quo
944 3523 1006 3594 irn-

120 3639 348 3716 munditiam'
364 3640 512 3733 dilueret
537 3661 765 3734 peccatorum
792 3656 857 3711 etc.
870 3628 911 3709 “J

161 3784 197 3858 ι)
218 3788 307 3843 Tenet.
325 3748 387 3843 LV.¹
404 3752 432 3843 in
449 3786 497 3856 Jo.
519 3784 552 3842 T.
570 3783 633 3842 III.
652 3786 685 3840 P.
705 3782 749 3840 II.
766 3796 793 3855 p.
813 3787 875 3873 655.

177 3877 293 3955 Tou.
321 3877 384 3962 ΙΙΙ.
651 3873 707 3987 ΙΜ
