2474 4568
423 324 653 343 ffl-

898 303 974 376 359

100 463 186 514 num
210 438 333 524 sunm,
360 432 457 538 illum
480 464 604 533 verum
624 461 821 533 agnoscens
847 432 881 504 in
903 460 978 506 cru·
1000 426 1115 492 clm

97 581 140 627 ee
161 561 283 651 regem
300 554 429 641 Israel,
453 581 558 650 quem
578 555 694 631 socius
713 556 802 625 latro
823 578 903 624 cum
923 549 1136 622 Ju.CLXV111.

99 671 183 742 dacis
217 663 468 768 spectatoribus
501 691 609 744 vocat
642 671 839 750 illudendo.
905 666 1135 740 Nest‘W

98 813 210 860 cesse·
227 809 305 875 est,
341 793 493 879 latrones
522 790 589 861 hos
617 788 713 885 ptius
739 787 903 859 habuisse
931 784 976 856 de
1004 868 1006 871 ¹
1052 802 1054 806 “

101 901 246 978 Christo
284 905 454 978 notitiam.
508 907 557 979 Et
590 932 704 1006 quem·
727 908 785 977 vel
819 923 898 988 tot,
936 926 976 975 ac

98 1040 197 1094 tanta
215 1006 291 1093 eius
311 1022 477 1097 miracula
496 1026 603 1095 latete
623 1011 848 1118 potuerunt?
883 1017 976 1104 „Vi-

98 1138 200 1210 derat
217 1138 396 1226 ‘forsitan',
428 1141 472 1212 de
502 1166 683 1212 converso*
702 1143 838 1212 latrone
868 1136 916 1207 ait
940 1134 975 1206 S.

97 1254 292 1331 Anselmus
322 1253 384 1346 a),
411 1245 498 1329 latro
527 1257 589 1328 iste
618 1278 652 1329 te
680 1275 781 1328 antea
803 1278 914 1327 caecos
938 1253 977 1359 il·
1014 1330 1018 1346 Ι

97 1370 354 1460 luminantem,
384 1377 441 1446 vel
472 1366 633 1445 mertuos
664 1374 909 1455 suscitantem,
941 1387 976 1440 et

96 1504 174 1560 non
206 1486 483 1570 adoraveratte.
544 1491 655 1564 Tunc
684 1517 796 1575 vero,
829 1487 974 1584 quando
1039 1500 1046 1511 '

95 1605 198 1679 videt
220 1593 262 1676 ¹te
299 1606 456 1700 pendere
482 1606 517 1677 in
547 1608 673 1703 ligno,
709 1607 834 1678 adorat
859 1625 893 1676 te
925 1602 977 1673 di·

96 1740 209 1795 cens:
242 1730 391 1808 Domine,
418 1745 563 1795 memento
589 1738 648 1806 mei
662 1777 671 1809 ,
698 1725 770 1794 dant
798 1733 917 1793 venetis
942 1731 976 1791 in

89 1866 222 1943 ⁸regnam
245 1860 332 1908 taam
346 1849 358 1905 l
407 1837 487 1911 Hoc
508 1838 590 1926 lecit
615 1842 649 1911 in
676 1842 771 1913 illum
794 1865 882 1911 crux
904 1858 973 1909 tua.

98 1955 254 2040 Verius,
290 1970 325 2025 et
357 1955 542 2050 perfectius
576 1958 748 2050 cognovit
780 1956 843 2026 iste
874 1974 907 2025 te
936 1953 975 2024 in

99 2097 205 2144 eruce
233 2073 472 2166 pendentem,
498 2097 602 2166 quam
627 2072 661 2141 in
685 2074 817 2166 templo
844 2071 978 2150 doeen-⁵

96 2173 198 2275 tem,
234 2208 295 2260 aut
327 2188 491 2287 miracttla
521 2189 715 2260 facientem.
741 2186 812 2285 Ὀ
844 2186 975 2281 quanta

96 2327 153 2377 est
185 2304 297 2376 virtus
332 2304 443 2376 trucis
481 2326 576 2391 tuae,
615 2323 748 2400 quanta
779 2323 833 2375 est
861 2301 976 2397 gloria

96 2421 288 2520 pendentis
317 2421 352 2492 in
378 2422 499 2517 ligno!
552 2421 658 2495 Latro
686 2420 774 2507 iste,
801 2419 861 2492 ubi
888 2417 979 2509 vidit

96 2525 200 2612 tuum
237 2538 398 2633 lignum,
439 2565 525 2610 mox
562 2537 733 2634 cognovit
769 2556 866 2609 taum
901 2562 978 2632 reg·

97 2683 210 2740 num;
239 2675 272 2727 et
298 2654 359 2726 ubi
385 2664 416 2727 t'e
443 2656 599 2751 pendere
620 2653 779 2750 aspexit,
806 2654 852 2725 ibi
877 2655 978 2750 quod

97 2798 291 2868 regnares,
326 2771 506 2845 intellexit.
567 2772 603 2844 O
630 2793 781 2868 quantus
810 2772 902 2844 odor
930 2771 976 2844 de

99 2916 205 2963 truce
233 2888 373 2975 exibat,
407 2888 467 2984 qui
492 2916 635 2961 omnem
661 2889 902 2961 infidelitatem
931 2889 975 2960 ab
1002 2974 1005 2978 ἱ

98 3034 142 3080 eo
157 3005 387 3102 'repellebatl
439 3006 477 3077 Ο
501 3033 606 3102 quam
634 3006 742 3101 digne
764 2989 917 3078 vocabat
941 3026 984 3095 te,
1085 3041 1089 3058 ·

97 3123 300 3195 Dominum
331 3124 454 3209 suum,
486 3123 546 3218 qui
576 3125 745 3196 veraciter
774 3122 904 3194 sciebat
940 3148 978 3193 se

96 3243 236 3313 servum
269 3261 391 3340 tuum,
422 3239 503 3335 quia
534 3240 646 3312 oculis
676 3240 744 3312 suis
775 3238 979 3311 intuebatur

96 3358 273 3455 pretium,
316 3378 389 3451 quo
415 3356 612 3435 redimebas
642 3356 781 3454 penitus
802 3356 981 3434 mundum,

98 3475 266 3549 universa
296 3479 330 3525 ‘¹
392 3474 459 3546 Sed
496 3475 581 3570 quid
615 3474 710 3548 bone
743 3473 977 3568 lesu,·qnid

96 3502 517 3675 dulcissimr'i'lnomine,
547 3592 761 3687 respondisti
790 3591 918 3662 latroni
943 3610 978 3662 te
1054 3670 1056 3676 ¹

95 3706 213 3778 oranti
239 3706 276 3777 in
304 3707 440 3802 cruce?¹
490 3716 597 3778 Hodie·
611 3735 726 3777 mecam
749 3719 806 3776 eris
829 3719 861 3776 in
879 3717 977 3796 parta-

95 3834 175 3895 diso.
232 3824 281 3895 Et
305 3823 390 3917 quid
418 3842 468 3897 est
494 3821 587 3907 hoe,
620 3847 643 3892 o
672 3847 735 3893 rex
762 3820 975 3894 desiderabi-

1051 3784 1057 3815 l

130 3965 162 4038 a)
185 3970 256 4024 om.
271 3964 372 4026 xm.
391 3970 423 4024 nd
440 3986 538 4022 cratem
556 3968 665 4022 Domini
679 3982 706 4038 p.
725 3983 787 4036 275.
