2474 4568
257 281 327 333 122
576 251 811 287 ''¹¹''-

110 390 235 480 Crwv
255 405 476 504 temporibus
497 460 508 492 ,
533 422 791 501 ,extremoque
828 396 953 474 mundi
991 396 1136 474 excidio

106 530 235 595 cxxlx.
256 553 330 598 esse
360 522 538 608 voluisse,
580 546 621 593 ac
651 520 696 591 de
726 517 847 590 mortis
878 517 1050 605 articulo,
1087 519 1137 590 ad

96 654 238 716 *vv
253 662 392 727 cautos,
412 638 597 723 sollicitos,
616 635 842 709 et-eontinuo
860 634 1047 730 vigilantes
1067 660 1135 707 nos

251 758 469 832 reddendos.
500 840 504 845 Ι
526 753 600 826 Ubi
626 778 714 826 vero
740 752 828 825 illud
850 751 1045 848 praeprimis
1072 777 1136 824 no·

252 877 420 961 tandum,
444 875 476 947 S.
492 891 678 968 martyrem
698 873 798 943 velut
816 868 1058 941 indubitatum
1076 869 1136 941 ha·

252 994 338 1066 bere
365 991 553 1062 instantem
581 1013 746 1060 occasum
772 985 888 1058 saeculi
917 1005 1025 1081 atque
1049 985 1135 1058 anti·

252 1106 377 1181 christi·
411 1108 633 1191 adventum3
671 1103 775 1199 ¹quod
816 1123 910 1177 recte
949 1099 986 1174 se
1025 1102 1134 1176 habet

249 1224 350 1296 iuxta
380 1249 472 1319 mox,
500 1242 660 1295 notatum
685 1222 853 1316 scopum,
888 1219 1138 1341 accommoda·

247 1360 397 1436 tumque
424 1340 456 1412 ei
484 1339 699 1434 descriptum
726 1337 762 1408 in
788 1336 996 1434 apocalypsi
1020 1362 1133 1432 usque

250 1456 298 1528 ad
327 1472 403 1554 cap.
439 1481 496 1528 20.
528 1455 696 1528 Ecclesiae
729 1454 854 1526 statum
884 1455 949 1527 sub
978 1454 1155 1550 imperio'

248 1573 422 1646 Romano
457 1574 639 1670 profano,
689 1572 883 1667 Romaque
918 1571 1138 1669 Babylone,

250 1691 350 1763 euius
376 1691 515 1788 imperii
541 1689 730 1761 imminens
757 1689 893 1773 fatum,
920 1689 1132 1784 praeludium

249 1807 432 1902 quoddam
458 1833 498 1879 ac
523 1806 637 1906 figura
666 1825 761 1892 erat,
800 1805 949 1901 perinde
973 1820 1015 1878 a'e
1043 1805 1136 1878 exci-

249 1924 347 1994 dium
369 1923 465 1995 urbis
484 1922 816 2020 Hierosolymitanae
834 1923 959 1995 futurae
980 1919 1135 2018 aliquan·

249 2039 300 2111 do
328 2039 641 2112 consummationis
675 2039 797 2112 sarculi.
873 2038 1003 2125 „Scire
1038 2041 1132 2113 enim

248 2155 407 2242 debetis,
433 2155 552 2252 inquit¹
568 2157 598 2228 S.
622 2176 772 2254 martyr,
796 2176 831 2227 et
848 2168 917 2252 pro
939 2175 1037 2228 certo
1062 2182 1133 2228 cre·

248 2273 333 2346 dere
344 2299 382 2344 ac
394 2292 525 2359 tenere,
537 2299 706 2369 pressurae
721 2273 813 2345 diem
824 2274 927 2370 super
938 2294 1141 2375 caputesse.

247 2391 414 2486 coepisse,
439 2409 474 2461 et
490 2414 655 2465 occasum
676 2390 790 2463 'saeculi
809 2409 916 2486 atque
936 2389 1131 2463 antichristi

245 2528 385 2603 tempus
419 2507 751 2604 appropinquasse,
787 2527 828 2579 ut
859 2507 971 2603 parati
1005 2530 1131 2580 omnes

244 2625 291 2694 ad
312 2623 471 2719 praelium
494 2624 640 2696 stemus:
666 2632 733 2696 ne'c
753 2624 946 2720 quidquam
967 2624 1034 2696 nisi
1055 2629 1129 2720 glo·
1168 2652 1175 2661 ’

244 2737 332 2810 riam
348 2740 433 2809 ,vita
454 2756 611 2824 aeternae,
639 2759 674 2810 et
699 2765 869 2812 eoronam
895 2743 1132 2816 confessionis

139 2878 141 2882 ·
244 2853 433 2926 dominicae
464 2852 671 2948 cogitemus.
740 2856 820 2928 Nec
850 2880 1015 2956 putamus
1048 2860 1128 2932 talia

245 2998 344 3058 esse,
389 2976 468 3065 qu'ae
502 2971 674 3059 veniunt,
715 2974 832 3068 qualia
867 2977 1011 3049 fuerunt
1043 2977 1126 3065 illa,

242 3114 321 3185 quae
349 3087 579 3161 transierunt:
617 3091 759 3185 gravior
787 3115 944 3166 nuncet
972 3094 1126 3167 ferocior

241 3233 363 3308 pugna
389 3206 574 3296 imminet,
610 3209 656 3281 ad
683 3235 787 3307 quam
817 3211 890 3283 fide
917 3211 1124 3308 incorrupta

243 3344 278 3395 et
299 3327 432 3403 ‚virtute
456 3328 601 3398 robusta
625 3353 746 3422 parare
768 3354 805 3398 se
832 3328 967 3401 debent
997 3329 1123 3401 milites

213 3514 217 3531 ,
242 3440 396 3524 Christi3
425 3441 691 3514 considerantes
714 3432 874 3532 idcirco,
901 3473 937 3518 se
963 3445 1124 3542 quotidie

239 3557 382 3629 calicem
403 3557 581 3651 saraguinis
604 3557 734 3630 Christi
756 3559 896 3648 bibere,
925 3562 965 3633 ut
985 3563 1124 3660 possint

240 3695 275 3746 et
302 3672 382 3770 ipsi¹
403 3696 550 3770 propter
587 3674 767 3748 Christum
803 3679 1009 3774 sanguinem
1046 3682 1125 3753 lun·

145 3819 148 3823 ·
240 3792 336 3869 dere.
349 3793 371 3829 “
423 3791 483 3862 De
511 3793 662 3864 instante
689 3790 938 3890 persecutione
962 3797 1121 3892 loquitur

240 3908 607 4004 animatquefideles,
633 3931 702 3996 „ut
725 3939 832 3985 nemo
857 3912 1052 4012 quidquam
1076 3917 1121 3988 de
