2474 4568
408 228 649 312 ἐ--εε
900 269 969 353 353

93 410 153 486 hic
186 407 284 482 etin
311 433 415 481 cruce
440 436 513 482 non
539 399 724 485 immemor
748 413 888 500 matris,
916 441 974 511 ap·
1000 406 1113 470 ΟΜ

95 504 207 667 pellat
232 552 307 598 eam
331 527 478 598 dicens:
505 537 680 613 Ecceflrns
699 552 795 614 tuus
823 551 858 602 et
874 531 976 603 loan
998 527 1137 586 CLfflXs

96 644 162 715 ni:
210 653 286 718 Ecce
313 668 413 717 mater
443 665 508 714 tua.
571 632 786 742 Testabatur
819 648 864 718 de
900 674 976 720 cru·
986 641 1136 704 “V“

95 785 137 833 ce
166 759 351 846 Christus,
379 781 413 832 et
440 776 686 833 testamentum
715 762 789 833 eius
819 763 976 859 fignabat

96 877 274 962 loannes,
302 875 428 972 dignus
448 896 546 951 tanto
568 897 732 950 testatore
753 880 855 952 testis.
907 880 976 953 Bo·

96 998 184 1064 num
211 1012 455 1068 testamentum
481 1019 552 1063 non
581 997 761 1087 pecuniae,
789 998 849 1068 sed
872 996 974 1083 vitte3

96 1092 198 1204 qutid
230 1134 301 1179 non
333 1108 527 1181 atramento
552 1110 734 1188 scribitur,
767 1114 826 1184 [ed
853 1114 975 1208 spiritu

96 1223 174 1296 Dei
201 1224 297 1296 vivi:
325 1233 445 1310 Lingua
469 1254 537 1296 naeu
559 1237 695 1297 celantur
705 1235 813 1316 scriba
833 1243 977 1300 velociter

86 1350 250 1429 scribentis
262 1381 274 1428 ,-
299 1342 360 1412 sed
385 1367 448 1411 nec
471 1326 593 1412 Maria
615 1342 754 1430 minor,
783 1370 886 1440 quam
908 1371 977 1416 ma·

96 1477 188 1529 trem
212 1455 342 1530 Christi
368 1458 540 1544 decebat,
566 1459 782 1588 fugientibus
806 1462 975 1555 apostolis

97 1593 182 1644 ante
203 1594 342 1646 crucem
367 1575 501 1663 stabat,
528 1594 562 1647 et
583 1577 647 1674 piis
668 1577 847 1672 spectabat
865 1578 976 1658 oculis

96 1689 161 1761 filii
187 1693 355 1778 vulnera,
386 1693 469 1788 quia
494 1692 723 1814 exspectabat
749 1719 823 1797 non
851 1693 977 1789 pigno·

97 1805 145 1878 ris
174 1824 346 1892 mortem,
374 1809 580 1881 [edmundi
608 1778 762 1882 salutem.
775 1813 797 1849 “
856 1808 976 1903 Quem

99 1921 159 1994 liic
182 1922 214 1994 S.
234 1923 444 1994 Ambrosius
466 1926 604 1998 extollit
626 1926 658 1997 S
676 1927 847 2001 loannem
867 1926 977 2002 veluti

99 2039 298 2112 testamenti
320 2040 491 2134 (eoquod
514 2040 703 2114 Christus
694 2069 730 2112 ru
750 2068 877 2130 cruce,
902 2069 977 2115 ves·

99 2155 194 2228 'tibus
222 2155 321 2228 etiam
349 2154 516 2242 militibus
535 2157 626 2229 sorte
649 2156 876 2243 cedentibus
904 2184 977 2229 mo-

99 2272 229 2349 riturus
252 2271 362 2344 nihil
353 2299 388 2342 m
409 2272 478 2344 hoc
500 2273 635 2352 mundo
659 2274 784 2349 deluo
806 2274 978 2368 relinque·

99 2409 154 2462 ret
190 2388 256 2463 nisi
293 2408 465 2475 matrem,
505 2384 763 2478 nec'habens,
803 2389 838 2461 in
874 2416 976 2464 cruce

100 2488 323 2603 praesertim,
361 2506 421 2577 ubi
452 2525 560 2601 caput
592 2503 798 2597 reclinaret)
831 2507 1006 2602 signato„

102 2619 200 2708 rem,
230 2648 309 2694 eum
332 2623 627 2696 testamentarium
653 2622 897 2715 adoptatorem
921 2626 978 2696 ad·

103 2740 333 2812 mirabundus
357 2739 556 2812 considerat
578 2739 609 2808 S.
628 2739 655 2814 l.
676 2739 976 2836 Chrysostomus:

103 2857 264 2952 „Papae,
294 2856 407 2953 inquit
431 2853 493 2948 a),
521 2877 691 2952 quantum
714 2858 888 2930 honorem
912 2859 980 2929 dis-

95 2955 226 3070 cipule
252 2976 437 3048 collatum!
491 2972 585 3045 Cum
612 2973 704 3045 enim
726 2975 799 3072 ipse
819 2975 885 3046 iam
909 2976 979 3046 abi·

101 3113 177 3175 ret,
199 3089 309 3186 ipsam
329 3090 504 3185 discipulo
523 3091 715 3165 curandam
735 3092 848 3166 tradit.
884 3093 980 3183 Quia

102 3206 198 3280 enim
224 3206 390 3280 credibile
414 3227 485 3278 erat
507 3207 638 3305 ipsam,
666 3227 789 3302 utpote
812 3229 979 3296 matrem,

103 3324 248 3407 dolete,
276 3343 310 3394 et
334 3319 764 3420 patrociniumquaerere,
792 3323 866 3395 iure
887 3325 980 3400 illam

106 3439 282 3537 discipulo
324 3441 429 3513 tradit
467 3439 615 3518 dicens:
668 3430 742 3511 Euri
779 3464 879 3516 mater
913 3467 981 3516 tua.

105 3554 194 3627 Haec
226 3550 334 3652 porrd
367 3558 528 3644 dicebat,
559 3558 656 3654 ipsos
688 3581 813 3631 mutuo
839 3559 985 3630 coniun-

103 3698 193 3767 gens
227 3698 368 3758 amore;
404 3675 506 3768 quod
535 3699 615 3745 cum
648 3674 855 3768 intelligeret
885 3675 989 3748 disci.

104 3782 238 3886 paulus,
271 3789 380 3885 ipsam
409 3790 445 3860 in
473 3791 533 3860 lua
559 3790 704 3885 accepit
763 3791 839 3863 Cur
865 3810 980 3861 autem

88 3903 101 3919 1.
139 3933 170 4007 a)
189 3936 269 3992 Hom.
286 3934 436 3993 LXXXV.
455 3939 484 3992 in
501 3936 548 4004 Jo.
567 3954 593 3990 n.
608 3952 638 3991 a.
661 3936 694 3993 Τ,
716 3933 804 3992 VIII.
821 3950 847 4006 p.
868 3939 927 4001 506.
