<?xml version="1.0" encoding="UTF-8"?>
<!DOCTYPE html PUBLIC "-//W3C//DTD XHTML 1.0 Transitional//EN"
    "http://www.w3.org/TR/xhtml1/DTD/xhtml1-transitional.dtd">
<html xmlns="http://www.w3.org/1999/xhtml" xml:lang="en" lang="en">
 <head>
  <title>
</title>
<meta http-equiv="Content-Type" content="text/html;charset=utf-8" />
  <meta name='ocr-system' content='tesseract 3.04.00' />
  <meta name='ocr-capabilities' content='ocr_page ocr_carea ocr_par ocr_line ocrx_word'/>
</head>
<body>
  <div class='ocr_page' id='page_1' title='image "./desublimiinevan03gerbgoog_0111.png"; bbox 0 0 2474 4568; ppageno 0'>
   <div class='ocr_carea' id='block_1_1' title="bbox 254 277 862 363">
    <p class='ocr_par' dir='ltr' id='par_1_1' title="bbox 254 277 862 363">
     <span class='ocr_line' id='line_1_1' title="bbox 254 277 862 363; baseline -0.003 -14"><span class='ocrx_word' id='word_1_1' title='bbox 254 343 257 349; x_wconf 92' lang='grc'><em>,</em></span> <span class='ocrx_word' id='word_1_2' title='bbox 305 294 382 363; x_wconf 75' lang='lat'>104</span> <span class='ocrx_word' id='word_1_3' title='bbox 631 277 862 314; x_wconf 67' lang='lat'>&#39;&#39;⁸⁸¹¹&#39;&#39;</span> 
     </span>
    </p>
   </div>
   <div class='ocr_carea' id='block_1_2' title="bbox 150 419 1186 853">
    <p class='ocr_par' dir='ltr' id='par_1_2' title="bbox 163 419 1184 517">
     <span class='ocr_line' id='line_1_2' title="bbox 163 419 1184 517; baseline 0.002 -21"><span class='ocrx_word' id='word_1_4' title='bbox 163 419 282 484; x_wconf 68' lang='lat' dir='ltr'>ceron·</span> <span class='ocrx_word' id='word_1_5' title='bbox 308 453 401 517; x_wconf 78' lang='lat' dir='ltr'>quam</span> <span class='ocrx_word' id='word_1_6' title='bbox 428 435 536 497; x_wconf 80' lang='lat' dir='ltr'>veniat</span> <span class='ocrx_word' id='word_1_7' title='bbox 558 433 621 495; x_wconf 80' lang='lat' dir='ltr'>dies</span> <span class='ocrx_word' id='word_1_8' title='bbox 650 430 778 494; x_wconf 80' lang='lat' dir='ltr'><em>Domini</em></span> <span class='ocrx_word' id='word_1_9' title='bbox 807 450 937 509; x_wconf 75' lang='lat' dir='ltr'>mognttt</span> <span class='ocrx_word' id='word_1_10' title='bbox 962 443 995 496; x_wconf 80' lang='lat' dir='ltr'>et</span> <span class='ocrx_word' id='word_1_11' title='bbox 1022 434 1184 498; x_wconf 79' lang='lat' dir='ltr'>horribilis.</span> 
     </span>
    </p>

    <p class='ocr_par' dir='ltr' id='par_1_3' title="bbox 153 541 1186 630">
     <span class='ocr_line' id='line_1_3' title="bbox 153 541 1186 630; baseline 0 -18"><span class='ocrx_word' id='word_1_12' title='bbox 153 541 292 625; x_wconf 67' lang='lat' dir='ltr'>CXXVII·</span> <span class='ocrx_word' id='word_1_13' title='bbox 308 552 350 614; x_wconf 84' lang='lat' dir='ltr'>Et</span> <span class='ocrx_word' id='word_1_14' title='bbox 367 562 522 612; x_wconf 86' lang='lat' dir='ltr'>convertet</span> <span class='ocrx_word' id='word_1_15' title='bbox 540 569 591 611; x_wconf 88' lang='lat' dir='ltr'>cor</span> <span class='ocrx_word' id='word_1_16' title='bbox 603 562 735 630; x_wconf 79' lang='lat' dir='ltr'>patrum</span> <span class='ocrx_word' id='word_1_17' title='bbox 757 547 913 627; x_wconf 70' lang='lat' dir='ltr'>crosilios,</span> <span class='ocrx_word' id='word_1_18' title='bbox 925 588 928 595; x_wconf 86' lang='lat'>.</span> <span class='ocrx_word' id='word_1_19' title='bbox 940 561 971 612; x_wconf 92' lang='lat' dir='ltr'>et</span> <span class='ocrx_word' id='word_1_20' title='bbox 987 569 1038 612; x_wconf 88' lang='lat' dir='ltr'>cor</span> <span class='ocrx_word' id='word_1_21' title='bbox 1049 549 1186 626; x_wconf 72' lang='lat' dir='ltr'>filiorum</span> 
     </span>
    </p>

    <p class='ocr_par' dir='ltr' id='par_1_4' title="bbox 150 656 1186 853">
     <span class='ocr_line' id='line_1_4' title="bbox 150 656 1186 749; baseline -0.001 -19"><span class='ocrx_word' id='word_1_22' title='bbox 150 656 292 717; x_wconf 53' lang='lat' dir='ltr'>Vll*</span> <span class='ocrx_word' id='word_1_23' title='bbox 307 670 351 730; x_wconf 84' lang='lat' dir='ltr'>ad</span> <span class='ocrx_word' id='word_1_24' title='bbox 364 680 472 749; x_wconf 82' lang='lat' dir='ltr'>potres</span> <span class='ocrx_word' id='word_1_25' title='bbox 499 686 622 729; x_wconf 83' lang='lat' dir='ltr'>eoram:</span> <span class='ocrx_word' id='word_1_26' title='bbox 649 685 684 728; x_wconf 84' lang='lat' dir='ltr'>oe</span> <span class='ocrx_word' id='word_1_27' title='bbox 697 663 785 744; x_wconf 86' lang='lat' dir='ltr'>forte</span> <span class='ocrx_word' id='word_1_28' title='bbox 802 669 944 744; x_wconf 75' lang='lat' dir='ltr'>neniam,</span> <span class='ocrx_word' id='word_1_29' title='bbox 967 679 998 728; x_wconf 83' lang='lat' dir='ltr'>et</span> <span class='ocrx_word' id='word_1_30' title='bbox 1011 671 1186 749; x_wconf 79' lang='lat' dir='ltr'>percutiant</span> 
     </span>
     <span class='ocr_line' id='line_1_5' title="bbox 310 783 671 853; baseline -0.025 0"><span class='ocrx_word' id='word_1_31' title='bbox 310 798 424 853; x_wconf 87' lang='lat' dir='ltr'>terram</span> <span class='ocrx_word' id='word_1_32' title='bbox 451 783 671 849; x_wconf 74' lang='lat' dir='ltr'>anathemato·</span> 
     </span>
    </p>
   </div>
   <div class='ocr_carea' id='block_1_3' title="bbox 293 1006 1214 2255">
    <p class='ocr_par' dir='ltr' id='par_1_5' title="bbox 293 1006 1214 2255">
     <span class='ocr_line' id='line_1_6' title="bbox 293 1006 1187 1082; baseline -0.003 -2"><span class='ocrx_word' id='word_1_33' title='bbox 293 1019 296 1036; x_wconf 94' lang='lat'>&#39;</span> <span class='ocrx_word' id='word_1_34' title='bbox 386 1009 537 1082; x_wconf 90' lang='lat' dir='ltr'>Videtur</span> <span class='ocrx_word' id='word_1_35' title='bbox 558 1034 647 1080; x_wconf 89' lang='lat' dir='ltr'>vero</span> <span class='ocrx_word' id='word_1_36' title='bbox 675 1008 719 1080; x_wconf 91' lang='lat' dir='ltr'>de</span> <span class='ocrx_word' id='word_1_37' title='bbox 743 1009 858 1080; x_wconf 86' lang='lat' dir='ltr'>futura</span> <span class='ocrx_word' id='word_1_38' title='bbox 880 1006 1083 1081; x_wconf 84' lang='lat' dir='ltr'>Judaeorum</span> <span class='ocrx_word' id='word_1_39' title='bbox 1106 1008 1187 1079; x_wconf 64' lang='lat' dir='ltr'>conu&#39;</span> 
     </span>
     <span class='ocr_line' id='line_1_7' title="bbox 308 1124 1186 1221; baseline -0.002 -25"><span class='ocrx_word' id='word_1_40' title='bbox 308 1126 472 1198; x_wconf 87' lang='lat' dir='ltr'>versione</span> <span class='ocrx_word' id='word_1_41' title='bbox 515 1127 591 1198; x_wconf 83' lang='lat' dir='ltr'>haec</span> <span class='ocrx_word' id='word_1_42' title='bbox 635 1125 823 1221; x_wconf 83' lang='lat' dir='ltr'>prophetia</span> <span class='ocrx_word' id='word_1_43' title='bbox 862 1124 1186 1220; x_wconf 71' lang='lat' dir='ltr'>interpretationem</span> 
     </span>
     <span class='ocr_line' id='line_1_8' title="bbox 306 1239 1211 1338; baseline -0.01 -24"><span class='ocrx_word' id='word_1_44' title='bbox 306 1243 439 1314; x_wconf 88' lang='lat' dir='ltr'>habere</span> <span class='ocrx_word' id='word_1_45' title='bbox 462 1268 507 1313; x_wconf 87' lang='lat' dir='ltr'>ex</span> <span class='ocrx_word' id='word_1_46' title='bbox 531 1268 592 1315; x_wconf 92' lang='lat' dir='ltr'>ore</span> <span class='ocrx_word' id='word_1_47' title='bbox 616 1243 692 1338; x_wconf 91' lang='lat' dir='ltr'>ipso</span> <span class='ocrx_word' id='word_1_48' title='bbox 717 1239 849 1312; x_wconf 83' lang='lat' dir='ltr'><strong>Christi</strong></span> <span class='ocrx_word' id='word_1_49' title='bbox 871 1241 1023 1313; x_wconf 89' lang='lat' dir='ltr'>Domini</span> <span class='ocrx_word' id='word_1_50' title='bbox 1048 1240 1184 1312; x_wconf 86' lang='lat' dir='ltr'>Matth.</span> <span class='ocrx_word' id='word_1_51' title='bbox 1209 1298 1211 1305; x_wconf 77' lang='grc'><strong>,</strong></span> 
     </span>
     <span class='ocr_line' id='line_1_9' title="bbox 308 1348 1214 1454; baseline -0.002 -26"><span class='ocrx_word' id='word_1_52' title='bbox 308 1357 537 1437; x_wconf 69' lang='lat' dir='ltr'>XVII.,11.:</span> <span class='ocrx_word' id='word_1_53' title='bbox 577 1368 661 1427; x_wconf 83' lang='lat' dir='ltr'>Elias</span> <span class='ocrx_word' id='word_1_54' title='bbox 686 1368 807 1448; x_wconf 76' lang='lat' dir='ltr'>quidem</span> <span class='ocrx_word' id='word_1_55' title='bbox 829 1348 977 1428; x_wconf 75' lang='lat' dir='ltr'>oraturus</span> <span class='ocrx_word' id='word_1_56' title='bbox 1004 1379 1066 1443; x_wconf 87' lang='lat' dir='ltr'>est,</span> <span class='ocrx_word' id='word_1_57' title='bbox 1093 1378 1125 1428; x_wconf 87' lang='lat' dir='ltr'>et</span> <span class='ocrx_word' id='word_1_58' title='bbox 1143 1383 1187 1426; x_wconf 84' lang='lat' dir='ltr'>re·</span> <span class='ocrx_word' id='word_1_59' title='bbox 1211 1448 1214 1454; x_wconf 25' lang='grc'><strong>,</strong></span> 
     </span>
     <span class='ocr_line' id='line_1_10' title="bbox 307 1473 1187 1563; baseline -0.003 -17"><span class='ocrx_word' id='word_1_60' title='bbox 307 1488 419 1555; x_wconf 75' lang='lat' dir='ltr'>stjtoet</span> <span class='ocrx_word' id='word_1_61' title='bbox 440 1486 567 1560; x_wconf 84' lang='lat' dir='ltr'>omnia,</span> <span class='ocrx_word' id='word_1_62' title='bbox 600 1473 845 1547; x_wconf 87' lang='lat' dir='ltr'>convertendo</span> <span class='ocrx_word' id='word_1_63' title='bbox 871 1473 1033 1545; x_wconf 88' lang='lat' dir='ltr'>nimirum</span> <span class='ocrx_word' id='word_1_64' title='bbox 1057 1501 1110 1543; x_wconf 87' lang='lat' dir='ltr'>cor</span> <span class='ocrx_word' id='word_1_65' title='bbox 1128 1500 1187 1563; x_wconf 83' lang='lat' dir='ltr'>po·</span> 
     </span>
     <span class='ocr_line' id='line_1_11' title="bbox 309 1597 1187 1680; baseline -0.006 -17"><span class='ocrx_word' id='word_1_66' title='bbox 309 1613 393 1664; x_wconf 79' lang='lat' dir='ltr'>tram</span> <span class='ocrx_word' id='word_1_67' title='bbox 414 1601 457 1661; x_wconf 82' lang='lat' dir='ltr'>nd</span> <span class='ocrx_word' id='word_1_68' title='bbox 472 1598 572 1677; x_wconf 83' lang='lat' dir='ltr'>filios,</span> <span class='ocrx_word' id='word_1_69' title='bbox 600 1612 630 1662; x_wconf 91' lang='lat' dir='ltr'>et</span> <span class='ocrx_word' id='word_1_70' title='bbox 649 1619 700 1660; x_wconf 88' lang='lat' dir='ltr'>tor</span> <span class='ocrx_word' id='word_1_71' title='bbox 713 1597 851 1676; x_wconf 80' lang='lat' dir='ltr'>filiorum</span> <span class='ocrx_word' id='word_1_72' title='bbox 873 1600 916 1659; x_wconf 84' lang='lat' dir='ltr'>od</span> <span class='ocrx_word' id='word_1_73' title='bbox 932 1610 1041 1680; x_wconf 78' lang='lat' dir='ltr'>patres</span> <span class='ocrx_word' id='word_1_74' title='bbox 1059 1614 1187 1662; x_wconf 77' lang='lat' dir='ltr'>eornmt</span> 
     </span>
     <span class='ocr_line' id='line_1_12' title="bbox 307 1706 1188 1802; baseline -0.003 -24"><span class='ocrx_word' id='word_1_75' title='bbox 307 1708 455 1802; x_wconf 89' lang='lat' dir='ltr'>quando</span> <span class='ocrx_word' id='word_1_76' title='bbox 496 1706 683 1784; x_wconf 79' lang='lat' dir='ltr'>cessaverit</span> <span class='ocrx_word' id='word_1_77' title='bbox 723 1731 884 1801; x_wconf 88' lang='lat' dir='ltr'>pressura</span> <span class='ocrx_word' id='word_1_78' title='bbox 923 1725 958 1777; x_wconf 92' lang='lat' dir='ltr'>et</span> <span class='ocrx_word' id='word_1_79' title='bbox 992 1718 1042 1776; x_wconf 86' lang='lat' dir='ltr'>iro</span> <span class='ocrx_word' id='word_1_80' title='bbox 1069 1715 1188 1796; x_wconf 82' lang='lat' dir='ltr'>popolo</span> 
     </span>
     <span class='ocr_line' id='line_1_13' title="bbox 306 1822 1184 1922; baseline 0.002 -30"><span class='ocrx_word' id='word_1_81' title='bbox 306 1831 398 1908; x_wconf 80' lang='lat' dir='ltr'>huic,</span> <span class='ocrx_word' id='word_1_82' title='bbox 419 1843 522 1917; x_wconf 86' lang='lat' dir='ltr'>atque</span> <span class='ocrx_word' id='word_1_83' title='bbox 542 1824 685 1919; x_wconf 89' lang='lat' dir='ltr'>impleta</span> <span class='ocrx_word' id='word_1_84' title='bbox 703 1822 832 1922; x_wconf 82' lang='lat' dir='ltr'>fuerint</span> <span class='ocrx_word' id='word_1_85' title='bbox 855 1845 995 1912; x_wconf 84' lang='lat' dir='ltr'>tempora</span> <span class='ocrx_word' id='word_1_86' title='bbox 1014 1834 1184 1894; x_wconf 79' lang='lat' dir='ltr'>notionum.</span> 
     </span>
     <span class='ocr_line' id='line_1_14' title="bbox 308 1917 1188 2035; baseline 0 -25"><span class='ocrx_word' id='word_1_87' title='bbox 308 1939 445 2032; x_wconf 85' lang='lat' dir='ltr'>Quod,</span> <span class='ocrx_word' id='word_1_88' title='bbox 473 1963 548 2010; x_wconf 91' lang='lat' dir='ltr'>non</span> <span class='ocrx_word' id='word_1_89' title='bbox 573 1938 812 2034; x_wconf 80' lang='lat' dir='ltr'>desunt,·qui</span> <span class='ocrx_word' id='word_1_90' title='bbox 834 1938 883 2010; x_wconf 87' lang='lat' dir='ltr'>ita</span> <span class='ocrx_word' id='word_1_91' title='bbox 902 1917 1123 2035; x_wconf 82' lang='lat' dir='ltr'>intelligant,</span> <span class='ocrx_word' id='word_1_92' title='bbox 1149 1953 1188 2010; x_wconf 91' lang='lat' dir='ltr'>ut</span> 
     </span>
     <span class='ocr_line' id='line_1_15' title="bbox 305 2033 1188 2152; baseline -0.008 -19"><span class='ocrx_word' id='word_1_93' title='bbox 305 2073 392 2133; x_wconf 82' lang='lat' dir='ltr'>tunc</span> <span class='ocrx_word' id='word_1_94' title='bbox 419 2057 567 2152; x_wconf 85' lang='lat' dir='ltr'>gentiles</span> <span class='ocrx_word' id='word_1_95' title='bbox 596 2058 657 2128; x_wconf 82' lang='lat' dir='ltr'>feu</span> <span class='ocrx_word' id='word_1_96' title='bbox 686 2055 808 2128; x_wconf 88' lang='lat' dir='ltr'>fideles</span> <span class='ocrx_word' id='word_1_97' title='bbox 840 2080 886 2126; x_wconf 85' lang='lat' dir='ltr'>ex</span> <span class='ocrx_word' id='word_1_98' title='bbox 915 2033 1124 2150; x_wconf 59' lang='lat' dir='ltr'>gentilibnss</span> <span class='ocrx_word' id='word_1_99' title='bbox 1139 2054 1188 2126; x_wconf 88' lang='lat' dir='ltr'>ita</span> 
     </span>
     <span class='ocr_line' id='line_1_16' title="bbox 304 2169 1188 2255; baseline -0.005 -11"><span class='ocrx_word' id='word_1_100' title='bbox 304 2172 515 2255; x_wconf 80' lang='lat' dir='ltr'>reiiciend‘os</span> <span class='ocrx_word' id='word_1_101' title='bbox 538 2173 743 2246; x_wconf 80' lang='lat' dir='ltr'>&#39;existiment</span> <span class='ocrx_word' id='word_1_102' title='bbox 765 2189 846 2244; x_wconf 89' lang='lat' dir='ltr'>ante</span> <span class='ocrx_word' id='word_1_103' title='bbox 871 2171 1062 2254; x_wconf 86' lang='lat' dir='ltr'>adventum</span> <span class='ocrx_word' id='word_1_104' title='bbox 1088 2169 1188 2243; x_wconf 89' lang='lat' dir='ltr'>Chri·</span> 
     </span>
    </p>
   </div>
   <div class='ocr_carea' id='block_1_4' title="bbox 293 2285 1188 2846">
    <p class='ocr_par' dir='ltr' id='par_1_6' title="bbox 293 2285 1188 2846">
     <span class='ocr_line' id='line_1_17' title="bbox 305 2285 1187 2385; baseline -0.005 -23"><span class='ocrx_word' id='word_1_105' title='bbox 305 2290 351 2362; x_wconf 87' lang='lat' dir='ltr'>sti</span> <span class='ocrx_word' id='word_1_106' title='bbox 387 2290 610 2376; x_wconf 85' lang='lat' dir='ltr'>secundum,</span> <span class='ocrx_word' id='word_1_107' title='bbox 650 2289 739 2360; x_wconf 88' lang='lat' dir='ltr'>srcut</span> <span class='ocrx_word' id='word_1_108' title='bbox 767 2285 863 2361; x_wconf 81' lang='lat' dir='ltr'>ante³</span> <span class='ocrx_word' id='word_1_109' title='bbox 887 2287 1040 2385; x_wconf 84' lang='lat' dir='ltr'>primunr</span> <span class='ocrx_word' id='word_1_110' title='bbox 1075 2285 1187 2360; x_wconf 80' lang='lat' dir='ltr'>ludaei</span> 
     </span>
     <span class='ocr_line' id='line_1_18' title="bbox 306 2402 1188 2501; baseline -0.002 -22"><span class='ocrx_word' id='word_1_111' title='bbox 306 2406 451 2481; x_wconf 82' lang='lat' dir='ltr'>luerunt</span> <span class='ocrx_word' id='word_1_112' title='bbox 473 2403 608 2480; x_wconf 79' lang='lat' dir='ltr'>reiecti:</span> <span class='ocrx_word' id='word_1_113' title='bbox 636 2402 759 2478; x_wconf 87' lang='lat' dir='ltr'>Veluti</span> <span class='ocrx_word' id='word_1_114' title='bbox 781 2431 848 2479; x_wconf 90' lang='lat' dir='ltr'>nos</span> <span class='ocrx_word' id='word_1_115' title='bbox 872 2408 1056 2501; x_wconf 77' lang='lat' dir='ltr'>apostolus</span> <span class='ocrx_word' id='word_1_116' title='bbox 1080 2423 1188 2477; x_wconf 88' lang='lat' dir='ltr'>terret</span> 
     </span>
     <span class='ocr_line' id='line_1_19' title="bbox 304 2521 1188 2611; baseline 0.001 -19"><span class='ocrx_word' id='word_1_117' title='bbox 304 2521 417 2594; x_wconf 83' lang='lat' dir='ltr'>Rom.</span> <span class='ocrx_word' id='word_1_118' title='bbox 438 2522 505 2596; x_wconf 85' lang='lat' dir='ltr'>XI.</span> <span class='ocrx_word' id='word_1_119' title='bbox 531 2548 612 2595; x_wconf 62' lang='lat'>22:</span> <span class='ocrx_word' id='word_1_120' title='bbox 645 2535 719 2595; x_wconf 83' lang='lat' dir='ltr'>Vide</span> <span class='ocrx_word' id='word_1_121' title='bbox 742 2553 811 2608; x_wconf 80' lang='lat' dir='ltr'>ergo</span> <span class='ocrx_word' id='word_1_122' title='bbox 835 2534 1025 2610; x_wconf 85' lang='lat' dir='ltr'>bonitatem,</span> <span class='ocrx_word' id='word_1_123' title='bbox 1052 2545 1083 2594; x_wconf 88' lang='lat' dir='ltr'>et</span> <span class='ocrx_word' id='word_1_124' title='bbox 1096 2531 1188 2611; x_wconf 82' lang='lat' dir='ltr'>sene·</span> 
     </span>
     <span class='ocr_line' id='line_1_20' title="bbox 303 2647 1186 2731; baseline 0.002 -23"><span class='ocrx_word' id='word_1_125' title='bbox 303 2652 432 2710; x_wconf 80' lang='lat' dir='ltr'>ritatem</span> <span class='ocrx_word' id='word_1_126' title='bbox 460 2647 541 2709; x_wconf 80' lang='lat' dir='ltr'>Dei:</span> <span class='ocrx_word' id='word_1_127' title='bbox 578 2652 610 2708; x_wconf 90' lang='lat' dir='ltr'>in</span> <span class='ocrx_word' id='word_1_128' title='bbox 643 2668 693 2710; x_wconf 83' lang='lat' dir='ltr'>eos</span> <span class='ocrx_word' id='word_1_129' title='bbox 722 2651 866 2730; x_wconf 76' lang='lat' dir='ltr'>quidem,</span> <span class='ocrx_word' id='word_1_130' title='bbox 906 2653 960 2731; x_wconf 80' lang='lat' dir='ltr'>qui</span> <span class='ocrx_word' id='word_1_131' title='bbox 993 2649 1186 2726; x_wconf 80' lang='lat' dir='ltr'>ceciderant,</span> 
     </span>
     <span class='ocr_line' id='line_1_21' title="bbox 293 2761 1186 2846; baseline 0.006 -25"><span class='ocrx_word' id='word_1_132' title='bbox 293 2761 518 2841; x_wconf 84' lang='lat' dir='ltr'>severitatem:</span> <span class='ocrx_word' id='word_1_133' title='bbox 545 2765 578 2823; x_wconf 87' lang='lat' dir='ltr'>in</span> <span class='ocrx_word' id='word_1_134' title='bbox 599 2775 629 2824; x_wconf 85' lang='lat' dir='ltr'>te</span> <span class='ocrx_word' id='word_1_135' title='bbox 650 2777 752 2824; x_wconf 77' lang='lat' dir='ltr'>nutem</span> <span class='ocrx_word' id='word_1_136' title='bbox 777 2765 945 2826; x_wconf 83' lang='lat' dir='ltr'>bonitatem</span> <span class='ocrx_word' id='word_1_137' title='bbox 965 2764 1043 2841; x_wconf 82' lang='lat' dir='ltr'>Dei,</span> <span class='ocrx_word' id='word_1_138' title='bbox 1070 2768 1100 2826; x_wconf 87' lang='lat' dir='ltr'>si</span> <span class='ocrx_word' id='word_1_139' title='bbox 1115 2784 1186 2846; x_wconf 79' lang='lat' dir='ltr'>ptr·</span> 
     </span>
    </p>
   </div>
   <div class='ocr_carea' id='block_1_5' title="bbox 244 2879 1230 4020">
    <p class='ocr_par' dir='ltr' id='par_1_7' title="bbox 304 2879 1230 3320">
     <span class='ocr_line' id='line_1_22' title="bbox 305 2879 1186 2962; baseline -0.002 -19"><span class='ocrx_word' id='word_1_140' title='bbox 305 2881 452 2944; x_wconf 80' lang='lat' dir='ltr'>manseris</span> <span class='ocrx_word' id='word_1_141' title='bbox 472 2881 504 2938; x_wconf 88' lang='lat' dir='ltr'>in</span> <span class='ocrx_word' id='word_1_142' title='bbox 522 2879 674 2956; x_wconf 83' lang='lat' dir='ltr'>bonitate,</span> <span class='ocrx_word' id='word_1_143' title='bbox 697 2882 835 2962; x_wconf 77' lang='lat' dir='ltr'>alioquin</span> <span class='ocrx_word' id='word_1_144' title='bbox 852 2893 883 2942; x_wconf 88' lang='lat' dir='ltr'>et</span> <span class='ocrx_word' id='word_1_145' title='bbox 900 2893 935 2942; x_wconf 81' lang='lat' dir='ltr'>to</span> <span class='ocrx_word' id='word_1_146' title='bbox 955 2882 1104 2942; x_wconf 83' lang='lat' dir='ltr'>excideris</span> <span class='ocrx_word' id='word_1_147' title='bbox 1122 2925 1129 2941; x_wconf 92' lang='lat'><strong>.</strong></span> <span class='ocrx_word' id='word_1_148' title='bbox 1145 2924 1156 2942; x_wconf 15' lang='lat' dir='ltr'>A.</span> <span class='ocrx_word' id='word_1_149' title='bbox 1177 2924 1186 2941; x_wconf 91' lang='lat'><strong>.</strong></span> 
     </span>
     <span class='ocr_line' id='line_1_23' title="bbox 308 2996 1230 3078; baseline -0.001 -23"><span class='ocrx_word' id='word_1_150' title='bbox 308 2996 386 3055; x_wconf 88' lang='lat' dir='ltr'>Nolo</span> <span class='ocrx_word' id='word_1_151' title='bbox 414 2997 492 3055; x_wconf 87' lang='lat' dir='ltr'>enim</span> <span class='ocrx_word' id='word_1_152' title='bbox 517 3015 574 3056; x_wconf 85' lang='lat' dir='ltr'>nos</span> <span class='ocrx_word' id='word_1_153' title='bbox 604 2999 744 3071; x_wconf 81' lang='lat' dir='ltr'>ignorare</span> <span class='ocrx_word' id='word_1_154' title='bbox 757 2996 880 3076; x_wconf 82' lang='lat' dir='ltr'>fratres</span> <span class='ocrx_word' id='word_1_155' title='bbox 907 3000 1086 3078; x_wconf 77' lang='lat' dir='ltr'>mysterium</span> <span class='ocrx_word' id='word_1_156' title='bbox 1108 2998 1185 3067; x_wconf 77' lang='lat' dir='ltr'>hoc:</span> <span class='ocrx_word' id='word_1_157' title='bbox 1227 3039 1230 3063; x_wconf 92' lang='grc'>,</span> 
     </span>
     <span class='ocr_line' id='line_1_24' title="bbox 305 3100 1187 3197; baseline 0.002 -25"><span class='ocrx_word' id='word_1_158' title='bbox 305 3103 372 3195; x_wconf 78' lang='lat' dir='ltr'>(ot</span> <span class='ocrx_word' id='word_1_159' title='bbox 395 3131 454 3173; x_wconf 89' lang='lat' dir='ltr'>non</span> <span class='ocrx_word' id='word_1_160' title='bbox 464 3109 538 3189; x_wconf 80' lang='lat' dir='ltr'>fitis</span> <span class='ocrx_word' id='word_1_161' title='bbox 561 3113 786 3193; x_wconf 77' lang='lat' dir='ltr'>vobismetipsis</span> <span class='ocrx_word' id='word_1_162' title='bbox 797 3100 984 3195; x_wconf 80' lang='lat' dir='ltr'>sopientes)</span> <span class='ocrx_word' id='word_1_163' title='bbox 1011 3117 1088 3197; x_wconf 80' lang='lat' dir='ltr'>qnia</span> <span class='ocrx_word' id='word_1_164' title='bbox 1109 3115 1187 3175; x_wconf 77' lang='lat' dir='ltr'>coti·</span> 
     </span>
     <span class='ocr_line' id='line_1_25' title="bbox 304 3230 1191 3320; baseline -0.002 -28"><span class='ocrx_word' id='word_1_165' title='bbox 304 3233 357 3292; x_wconf 71' lang='lat' dir='ltr'>tas</span> <span class='ocrx_word' id='word_1_166' title='bbox 385 3248 424 3293; x_wconf 88' lang='lat' dir='ltr'>ex</span> <span class='ocrx_word' id='word_1_167' title='bbox 441 3243 536 3311; x_wconf 82' lang='lat' dir='ltr'>porte</span> <span class='ocrx_word' id='word_1_168' title='bbox 560 3233 689 3306; x_wconf 84' lang='lat' dir='ltr'>contigit</span> <span class='ocrx_word' id='word_1_169' title='bbox 712 3233 745 3293; x_wconf 86' lang='lat' dir='ltr'>in</span> <span class='ocrx_word' id='word_1_170' title='bbox 773 3232 890 3309; x_wconf 74' lang='lat' dir='ltr'>lsrael,</span> <span class='ocrx_word' id='word_1_171' title='bbox 917 3232 1008 3292; x_wconf 79' lang='lat' dir='ltr'>donec</span> <span class='ocrx_word' id='word_1_172' title='bbox 1022 3230 1191 3320; x_wconf 10' lang='lat' dir='ltr'>plenitudo?</span> 
     </span>
    </p>

    <p class='ocr_par' dir='ltr' id='par_1_8' title="bbox 244 3345 1189 4020">
     <span class='ocr_line' id='line_1_26' title="bbox 244 3345 1187 3429; baseline 0.005 -22"><span class='ocrx_word' id='word_1_173' title='bbox 244 3424 247 3429; x_wconf 86' lang='lat'>.</span> <span class='ocrx_word' id='word_1_174' title='bbox 303 3350 442 3422; x_wconf 75' lang='lat' dir='ltr'>gentiam</span> <span class='ocrx_word' id='word_1_175' title='bbox 467 3351 616 3424; x_wconf 82' lang='lat' dir='ltr'>intraret,</span> <span class='ocrx_word' id='word_1_176' title='bbox 644 3362 675 3410; x_wconf 87' lang='lat' dir='ltr'>et</span> <span class='ocrx_word' id='word_1_177' title='bbox 689 3346 735 3424; x_wconf 84' lang='lat' dir='ltr'>stc</span> <span class='ocrx_word' id='word_1_178' title='bbox 761 3350 857 3409; x_wconf 84' lang='lat' dir='ltr'>omnis</span> <span class='ocrx_word' id='word_1_179' title='bbox 883 3347 980 3410; x_wconf 84' lang='lat' dir='ltr'>Israel</span> <span class='ocrx_word' id='word_1_180' title='bbox 992 3346 1116 3426; x_wconf 13' lang='lat' dir='ltr'>solvus*</span> <span class='ocrx_word' id='word_1_181' title='bbox 1130 3345 1187 3424; x_wconf 84' lang='lat' dir='ltr'><em>fic.-</em></span> 
     </span>
     <span class='ocr_line' id='line_1_27' title="bbox 303 3451 1187 3551; baseline 0.002 -28"><span class='ocrx_word' id='word_1_182' title='bbox 303 3475 362 3548; x_wconf 79' lang='lat' dir='ltr'>ret.</span> <span class='ocrx_word' id='word_1_183' title='bbox 426 3451 513 3521; x_wconf 82' lang='lat' dir='ltr'>Haec</span> <span class='ocrx_word' id='word_1_184' title='bbox 547 3452 576 3522; x_wconf 89' lang='lat' dir='ltr'>si</span> <span class='ocrx_word' id='word_1_185' title='bbox 609 3455 707 3523; x_wconf 85' lang='lat' dir='ltr'>iuxta</span> <span class='ocrx_word' id='word_1_186' title='bbox 737 3479 823 3524; x_wconf 86' lang='lat' dir='ltr'>mox</span> <span class='ocrx_word' id='word_1_187' title='bbox 853 3453 943 3526; x_wconf 88' lang='lat' dir='ltr'>dicta</span> <span class='ocrx_word' id='word_1_188' title='bbox 973 3453 1187 3551; x_wconf 87' lang='lat' dir='ltr'>accipienda</span> 
     </span>
     <span class='ocr_line' id='line_1_28' title="bbox 304 3567 1185 3661; baseline 0.003 -21"><span class='ocrx_word' id='word_1_189' title='bbox 304 3569 389 3653; x_wconf 81' lang='lat' dir='ltr'>fint‚</span> <span class='ocrx_word' id='word_1_190' title='bbox 410 3567 573 3661; x_wconf 79' lang='lat' dir='ltr'>fingulari</span> <span class='ocrx_word' id='word_1_191' title='bbox 594 3571 670 3641; x_wconf 90' lang='lat' dir='ltr'>zelo</span> <span class='ocrx_word' id='word_1_192' title='bbox 690 3595 730 3640; x_wconf 91' lang='lat' dir='ltr'>ac</span> <span class='ocrx_word' id='word_1_193' title='bbox 750 3571 982 3642; x_wconf 90' lang='lat' dir='ltr'>contentione</span> <span class='ocrx_word' id='word_1_194' title='bbox 1000 3596 1185 3643; x_wconf 79' lang='lat' dir='ltr'>conversae</span> 
     </span>
     <span class='ocr_line' id='line_1_29' title="bbox 305 3671 1187 3784; baseline -0.001 -23"><span class='ocrx_word' id='word_1_195' title='bbox 305 3686 351 3761; x_wconf 78' lang='lat' dir='ltr'>ad</span> <span class='ocrx_word' id='word_1_196' title='bbox 387 3684 567 3756; x_wconf 85' lang='lat' dir='ltr'>Christum</span> <span class='ocrx_word' id='word_1_197' title='bbox 601 3685 715 3778; x_wconf 79' lang='lat' dir='ltr'>gentis</span> <span class='ocrx_word' id='word_1_198' title='bbox 749 3685 926 3774; x_wconf 78' lang='lat' dir='ltr'>Judaicae,</span> <span class='ocrx_word' id='word_1_199' title='bbox 968 3714 1049 3760; x_wconf 91' lang='lat' dir='ltr'>curn</span> <span class='ocrx_word' id='word_1_200' title='bbox 1087 3671 1187 3784; x_wconf 67' lang='lat' dir='ltr'>apud</span> 
     </span>
     <span class='ocr_line' id='line_1_30' title="bbox 302 3796 1189 3889; baseline 0.003 -15"><span class='ocrx_word' id='word_1_201' title='bbox 302 3826 371 3874; x_wconf 89' lang='lat' dir='ltr'>nos</span> <span class='ocrx_word' id='word_1_202' title='bbox 398 3796 570 3874; x_wconf 74' lang='lat' dir='ltr'>refrixerit</span> <span class='ocrx_word' id='word_1_203' title='bbox 593 3827 672 3871; x_wconf 84' lang='lat' dir='ltr'>curn</span> <span class='ocrx_word' id='word_1_204' title='bbox 699 3804 863 3875; x_wconf 78' lang='lat' dir='ltr'>charitate</span> <span class='ocrx_word' id='word_1_205' title='bbox 889 3804 977 3875; x_wconf 86' lang='lat' dir='ltr'>fides</span> <span class='ocrx_word' id='word_1_206' title='bbox 1004 3805 1189 3889; x_wconf 78' lang='lat' dir='ltr'>defecerit·¹</span> 
     </span>
     <span class='ocr_line' id='line_1_31' title="bbox 304 3918 1183 4020; baseline 0.005 -29"><span class='ocrx_word' id='word_1_207' title='bbox 304 3945 394 4018; x_wconf 84' lang='lat' dir='ltr'>que,</span> <span class='ocrx_word' id='word_1_208' title='bbox 415 3918 612 3990; x_wconf 86' lang='lat' dir='ltr'>efflorescet</span> <span class='ocrx_word' id='word_1_209' title='bbox 631 3918 791 3994; x_wconf 86' lang='lat' dir='ltr'>Ecclesia</span> <span class='ocrx_word' id='word_1_210' title='bbox 812 3920 961 4011; x_wconf 83' lang='lat' dir='ltr'>Christi,</span> <span class='ocrx_word' id='word_1_211' title='bbox 988 3943 1022 3995; x_wconf 93' lang='lat' dir='ltr'>et</span> <span class='ocrx_word' id='word_1_212' title='bbox 1036 3924 1183 4020; x_wconf 85' lang='lat' dir='ltr'>quidem</span> 
     </span>
    </p>
   </div>
   <div class='ocr_carea' id='block_1_6' title="bbox 0 0 1242 4568">
    <p class='ocr_par' dir='ltr' id='par_1_9' title="bbox 0 0 1242 4568">
     <span class='ocr_line' id='line_1_32' title="bbox 0 0 1242 4568; baseline 0 1"><span class='ocrx_word' id='word_1_213' title='bbox 0 0 1242 4568; x_wconf 95' lang='lat' dir='ltr'> </span> 
     </span>
    </p>
   </div>
  </div>
 </body>
</html>
