2474 4568
410 278 658 311 ’ἡ

424 321 656 340 ——u—d--u—

822 244 826 251 ⁴
862 360 865 369 ⁴
896 285 980 370 2167

52 470 56 485 ·
116 436 180 524 tris,
205 453 250 508 et
274 431 353 506 Filii
382 414 523 506 meritis*
541 433 604 505 fiat
631 431 866 507 remuneratio
892 441 977 529 ope·
1007 423 1124 498 cmv

52 573 55 612 ῑ
110 579 199 639 rum,
241 573 276 625 ct
312 550 457 646 quidem
495 550 713 623 tantillorum
748 577 814 647 pro
849 543 1136 623 aetemacautxtt.

52 691 55 729 ι
108 668 210 764 gloria
227 667 263 738 in
283 668 397 754 coelis,
419 691 492 761 quo
510 667 621 764 magis
638 671 793 744 reluceat
807 668 977 741 immensa
991 662 1133 723 W*

52 802 54 842 ²
106 785 172 859 Dei
196 785 407 883 benignitas.

171 1018 261 1092 Nou
292 1038 532 1092 memorantur
569 1019 636 1092 nisi
662 1029 770 1116 opera
799 1017 976 1092 charitatis

88 1137 277 1222 fraternae,
303 1144 347 1208 ne
366 1136 451 1232 quid
473 1137 656 1209 videamur
680 1165 743 1207 nos
767 1136 855 1208 femi
875 1128 979 1206 inuti(

100 1256 146 1324 les
170 1275 333 1349 praestare
356 1253 526 1349 'operibus
553 1254 679 1326 nostris
704 1252 801 1325 De0.
874 1252 977 1324 Dum

101 1370 247 1442 humiles
281 1369 383 1441 electi
422 1370 587 1440 mirantes
620 1393 806 1466 quaerunt:
847 1379 978 1461 Quando

100 1507 129 1558 te
151 1497 319 1557 uidimus?
346 1486 470 1558 iterum
501 1487 670 1558 immensa
694 1486 768 1558 Dei
793 1485 979 1558 clementia

82 1603 317 1688 declaratur,
354 1603 523 1697 simulque
549 1604 641 1674 ordo
675 1603 849 1674 charitatis
874 1602 978 1673 etiam

96 1721 256 1794 fraternae
288 1717 332 1790 ad
365 1719 485 1791 Deum
516 1721 713 1791 referendae·
736 1745 801 1791 ceu
829 1708 873 1790 ex
900 1728 979 1790 toto

99 1837 232 1922 corde,
273 1857 308 1908 et
339 1862 384 1907 ex
415 1836 496 1910 totis
525 1837 658 1912 viribus
691 1836 904 1922 amandum,
942 1835 977 1904 in

98 1953 168 2026 hoc
194 1953 278 2024 alibi
306 1953 410 2024 nobis
437 1952 472 2022 in
499 1958 700 2050 exemplum
728 1953 977 2049 propositum:

97 2051 203 2142 Estote
221 2080 444 2157 misericorder,
459 2076 542 2154 ficut
565 2093 595 2140 et
614 2080 708 2140 Pater
732 2092 834 2139 uerter
853 2080 981 2139 celestis

95 2200 268 2259 misericors
291 2175 337 2258 ert
359 2182 409 2274 α).
462 2185 594 2257 Christi
620 2211 707 2257 vero
729 2185 846 2265 verba,
860 2184 979 2256 decla·
1018 2186 1020 2196 '

95 2324 197 2391 rant,
238 2303 337 2399 quod
365 2303 841 2398 quemadmodum-peccata
870 2321 905 2401 et
932 2298 981 2370 in·

95 2421 459 2507 firmitatesnostras,
490 2419 534 2490 ita
556 2419 657 2490 eriam
684 2408 818 2490 omnes
834 2415 980 2489 necessi-

96 2555 188 2610 tates
213 2538 384 2608 humanas
407 2536 443 2607 in
467 2561 504 2609 se
528 2535 736 2632 susceperit,
762 2536 846 2606 dum
874 2532 978 2606 dicit:

96 2664 256 2748 ‚Quamdiu
270 2661 393 2740 fecistis
415 2666 468 2749 uui
490 2680 530 2724 ex
552 2663 601 2724 tris
616 2665 776 2745 fratribus
801 2666 874 2723 meis
893 2663 981 2722 mini-

95 2783 182 2857 mir,
208 2780 286 2840 milti
304 2779 437 2857 fecistis.
504 2769 598 2864 Quia
629 2771 792 2843 nimirum
822 2764 981 2840 membra

95 2887 193 2960 illius
214 2887 372 2983 corporis
396 2889 535 2973 sumus,
563 2887 661 2960 cuius
684 2888 760 2984 ipse
781 2903 889 2983 caput
910 2903 979 2960 est:

96 3030 170 3076 nee
194 3003 423 3098 dedignatur,
453 3005 518 3076 nos
541 3006 664 3077 fratres
688 3006 918 3100 compellare,
948 3022 983 3075 et

96 3144 180 3216 quae
201 3119 262 3192 uni
281 3146 326 3192 ex
348 3121 401 3190 his
422 3120 588 3192 fratribus
609 3120 761 3191 minimis
781 3118 981 3201 fecerimus,

95 3238 146 3310 stc
167 3235 207 3307 in
226 3236 378 3333 acceptis
397 3236 551 3320 habere,
573 3263 614 3308 ac
638 3237 665 3305 si
685 3235 827 3330 ipsimet
847 3234 1001 3314 fecisse,

95 3378 190 3427 mus.
241 3351 373 3448 Neque
393 3380 480 3425 vero
504 3353 649 3425 auxesin
670 3353 704 3424 in
727 3353 797 3424 hoc
819 3353 981 3424 sermone

96 3455 348 3566 cogitare‘par
383 3491 456 3558 est,
486 3470 595 3566 'quem
628 3472 727 3545 solita
757 3473 817 3542 lua
847 3495 982 3542 asseve·
1059 3566 1062 3572 Ι

94 3585 200 3660 randi
233 3587 413 3673 formula,
457 3617 544 3660 omen
586 3600 653 3660 dico
693 3597 809 3671 nobis,
853 3586 983 3657 Ηιιιιιιιι

94 3703 252 3798 Quanto
282 3723 398 3775 autem
427 3704 496 3777 hoc
524 3703 626 3775 nobis
657 3703 782 3774 solatio
811 3702 908 3776 simul
941 3728 983 3775 ac

52 3730 56 3907 l
94 3823 241 3894 stimulo
263 3847 338 3892 esse
361 3819 485 3909 debet,
510 3842 547 3894 ut
574 3819 660 3892 nihil
684 3818 833 3899 omuino
852 3816 981 3912 officii,

129 3965 246 4036 ὶ)ιι.ι
270 3967 320 4023 VI
339 3970 382 4035 36
