2474 4568
579 233 585 257 Ῐ
691 246 694 251 .

258 303 330 371 124

61 416 66 425 ’
107 428 224 493 ΟΜΝ
254 417 488 503 ducentorum
509 455 685 502 annorum
703 428 854 500 videtur.
904 426 938 499 S.
961 423 1130 515 Hilarius,

96 547 228 613 cxxix,
254 549 339 619 dum
362 573 434 643 prae
458 574 495 619 se
518 546 642 618 habuit
666 564 847 641 tempora,
874 544 1005 640 quibus
1031 564 1132 639 pote-

95 663 321 736 *μεως
348 663 461 736 faeculi
485 662 647 735 tuebatur
666 661 701 733 in
726 660 866 733 Arianis
890 663 1130 740 characterem

250 780 482 880 principalem
504 778 712 866 antichristi,
735 778 853 850 adhuc
874 776 1025 874 propius
1045 775 1131 849 defi·

249 897 351 971 niens
372 919 511 1002 tempus
529 896 566 970 in
588 896 680 968 libro
703 915 826 972 contra
847 874 1070 973 Auxentium
1089 888 1129 982 a)
1155 930 1158 935 ·

248 1015 440 1102 „Necesse
468 1033 542 1099 est,
580 1011 718 1107 inquit,
755 1011 792 1084 in
819 1010 930 1116 ipsam
958 1018 1029 1082 nos'
1052 1028 1129 1082 acta·

248 1153 321 1209 tem
349 1130 539 1201 antichristi
571 1128 761 1215 incidisse,
801 1128 900 1201 cuius
932 1127 1127 1200 secundum

245 1251 450 1342 apostolum
466 1243 630 1318 ministris
645 1246 681 1316 in
700 1245 790 1318 lucis
804 1271 841 1315 se
859 1246 1005 1338 angelos
1021 1263 1128 1315 trans·

243 1363 480 1456 ¹formantibus
506 1363 551 1434 ab
578 1362 735 1434 omnium
763 1363 834 1433 fere
858 1361 960 1431 sensu
985 1378 1022 1432 et
1044 1385 1129 1432 con·

244 1481 410 1569 scientia,
431 1480 459 1552 is
478 1479 539 1587 qui
555 1499 703 1560 vocatur
722 1478 901 1565 Christus,
921 1475 1127 1551 aboletur.“

321 1712 354 1784 S.
383 1712 538 1809 Cyrillus
570 1712 913 1810 Hierosolymitanus
940 1707 1128 1787 Catechesi

245 1829 296 1903 X.
326 1841 362 1901 de
382 1838 518 1918 secundo
551 1842 662 1902 Christi
695 1841 831 1902 adventu
867 1852 922 1903 etc.
955 1825 1128 1923 b)”s1gna

207 1960 211 1977 ⁴
246 1973 328 2019 eum
367 1946 613 2018 antecedentia
650 1947 914 2044 explicaturus,
952 1970 1034 2031 „ne
1069 1944 1128 2014 de-

244 2063 342 2160 cepti
363 2089 605 2157 moreremur,
634 2082 668 2135 et
688 2046 708 2136 a
731 2063 892 2142 mendaci
919 2059 1123 2132 antichristo

106 2192 108 2201 ’
163 2176 168 2191 ”
241 2176 282 2252 in
319 2207 472 2252 errorem
513 2180 830 2267 abduceremur,“
869 2177 993 2251 divino
1015 2190 1124 2249 'nutu
1162 2264 1165 2273 ι

242 2317 390 2383 motos,
434 2296 580 2394 sapienti
623 2295 696 2368 Dei
742 2296 891 2385 consilio
937 2296 1122 2391 apostolos

239 2415 428 2487 accessisse
469 2412 649 2486 Christum
688 2435 811 2502 notat,
851 2412 1122 2510 quaesivissequc

240 2532 390 2623 quando
417 2531 493 2602 haec
517 2532 645 2604 erunt?
682 2533 971 2628 „Exspectamus
996 2549 1050 2616 te,
1077 2529 1123 2598 se·

239 2647 363 2716 cundo
395 2647 654 2732 adventurum,
690 2648 750 2719 sed
776 2650 909 2720 satanas
938 2644 1121 2739 transfigu-

237 2780 334 2830 ratur
368 2760 405 2829 in
437 2764 601 2854 angelum
634 2762 746 2848 lucis,
784 2790 850 2833 nos
884 2763 989 2859 igitur
1027 2781 1120 2834 tutos

238 2875 373 2960 redde,
414 2895 453 2946 ut
479 2902 553 2947 non
585 2877 690 2949 alium
724 2877 773 2951 tui
803 2859 1116 2952 locoadore'mus.

237 2990 302 3062 Ille
335 3011 451 3064 autem
480 2993 664 3081 divinum,
702 2995 916 3092 beatumque
948 2998 1048 3068 suum
1081 3018 1119 3065 os

236 3109 400 3204 aperiens
420 3110 486 3183 ait:
516 3121 620 3184 Videte
638 3141 673 3184 ne
690 3126 759 3206 quis
778 3142 836 3185 vos
843 3122 986 3202 seducat.
1040 3110 1117 3182 Vos

166 3305 167 3308 Ἴ
235 3252 382 3323 quoque
405 3229 604 3317 auditores,
640 3230 739 3304 illum
762 3257 857 3303 nunc
885 3229 997 3302 oculis
1024 3254 1118 3298 men·

235 3342 280 3413 tis
308 3364 476 3438 tanquam
502 3347 704 3432 intuentes,
745 3347 868 3417 eadem
898 3344 1002 3418 vobis
1032 3371 1118 3441 quo·

235 3484 306 3555 que
332 3459 506 3531 dicentem
535 3463 714 3541 auditote:
757 3473 883 3548 Videte,
909 3491 945 3534 ne
968 3475 1039 3554 quir
1060 3489 1116 3532 vor

223 3583 367 3664 seducat.
438 3576 511 3669 Qui
535 3579 649 3650 sermo
675 3606 741 3651 vos
770 3605 894 3652 omnes
921 3580 1115 3666 admonet,

235 3712 276 3765 ut
292 3691 359 3774 iis,
387 3719 465 3787 quac
489 3695 639 3768 dicenda
656 3698 753 3784 sunt,
781 3698 937 3770 animum
956 3697 1118 3768 adverta-

233 3810 287 3883 tis.
340 3808 427 3880 Non
447 3811 539 3890 enim
559 3813 810 3919 praeteritarum
831 3810 947 3887 rerum
968 3812 1117 3886 historia

268 3953 299 4026 n)
312 3951 394 4012 Nunc
410 3971 433 4022 5.
445 3969 471 4027 p.
488 3963 564 4024 1065.
633 3955 662 4031 b)
676 3961 748 4017 Edit.
762 3962 923 4018 San-Maur
932 3976 959 4032 p.
972 3946 1033 4028 223.
1044 3980 1071 4016 n.
1086 3977 1112 4030 4.
