<?xml version="1.0" encoding="UTF-8"?>
<!DOCTYPE html PUBLIC "-//W3C//DTD XHTML 1.0 Transitional//EN"
    "http://www.w3.org/TR/xhtml1/DTD/xhtml1-transitional.dtd">
<html xmlns="http://www.w3.org/1999/xhtml" xml:lang="en" lang="en">
 <head>
  <title>
</title>
<meta http-equiv="Content-Type" content="text/html;charset=utf-8" />
  <meta name='ocr-system' content='tesseract 3.04.00' />
  <meta name='ocr-capabilities' content='ocr_page ocr_carea ocr_par ocr_line ocrx_word'/>
</head>
<body>
  <div class='ocr_page' id='page_1' title='image "./desublimiinevan03gerbgoog_0231.png"; bbox 0 0 2474 4568; ppageno 0'>
   <div class='ocr_carea' id='block_1_1' title="bbox 144 273 1233 1358">
    <p class='ocr_par' dir='ltr' id='par_1_1' title="bbox 144 273 1233 774">
     <span class='ocr_line' id='line_1_1' title="bbox 305 273 864 370; baseline 0.004 -3"><span class='ocrx_word' id='word_1_1' title='bbox 305 290 380 370; x_wconf 75' lang='lat' dir='ltr'>r&#39;r26</span> <span class='ocrx_word' id='word_1_2' title='bbox 630 273 864 346; x_wconf 59' lang='lat'>...⁸2¹2</span> 
     </span>
     <span class='ocr_line' id='line_1_2' title="bbox 163 432 1233 544; baseline -0.003 -25"><span class='ocrx_word' id='word_1_3' title='bbox 163 435 278 498; x_wconf 61' lang='lat' dir='ltr'>cm*</span> <span class='ocrx_word' id='word_1_4' title='bbox 304 444 455 544; x_wconf 88' lang='lat' dir='ltr'>quievit,</span> <span class='ocrx_word' id='word_1_5' title='bbox 477 467 594 539; x_wconf 88' lang='lat' dir='ltr'>neque</span> <span class='ocrx_word' id='word_1_6' title='bbox 612 440 811 514; x_wconf 82' lang='lat' dir='ltr'><strong>contendit.</strong></span> <span class='ocrx_word' id='word_1_7' title='bbox 839 438 927 514; x_wconf 83' lang='lat' dir='ltr'>Haec</span> <span class='ocrx_word' id='word_1_8' title='bbox 940 466 1051 542; x_wconf 87' lang='lat' dir='ltr'>porro</span> <span class='ocrx_word' id='word_1_9' title='bbox 1066 439 1191 516; x_wconf 79' lang='lat' dir='ltr'>omnis</span> <span class='ocrx_word' id='word_1_10' title='bbox 1231 432 1233 503; x_wconf 70' lang='grc' dir='ltr'><em>ἒ</em></span> 
     </span>
     <span class='ocr_line' id='line_1_3' title="bbox 172 555 1205 659; baseline -0.003 -23"><span class='ocrx_word' id='word_1_11' title='bbox 172 557 264 613; x_wconf 65' lang='lat' dir='ltr'>effi·</span> <span class='ocrx_word' id='word_1_12' title='bbox 301 567 419 659; x_wconf 79' lang='lat' dir='ltr'>lapsus</span> <span class='ocrx_word' id='word_1_13' title='bbox 442 561 500 632; x_wconf 85' lang='lat' dir='ltr'>ille</span> <span class='ocrx_word' id='word_1_14' title='bbox 520 579 685 657; x_wconf 88' lang='lat' dir='ltr'>operatus</span> <span class='ocrx_word' id='word_1_15' title='bbox 706 579 767 630; x_wconf 86' lang='lat' dir='ltr'>est.</span> <span class='ocrx_word' id='word_1_16' title='bbox 818 559 938 632; x_wconf 84' lang='lat' dir='ltr'><strong>Antea</strong></span> <span class='ocrx_word' id='word_1_17' title='bbox 960 586 1050 633; x_wconf 90' lang='lat' dir='ltr'>vero</span> <span class='ocrx_word' id='word_1_18' title='bbox 1071 555 1205 633; x_wconf 85' lang='lat' dir='ltr'>totum</span> 
     </span>
     <span class='ocr_line' id='line_1_4' title="bbox 144 662 1225 774; baseline -0.004 -22"><span class='ocrx_word' id='word_1_19' title='bbox 144 662 363 752; x_wconf 47' lang='lat' dir='ltr'>Wfibi</span> <span class='ocrx_word' id='word_1_20' title='bbox 391 678 595 774; x_wconf 78' lang='lat' dir='ltr'>adscripsit„</span> <span class='ocrx_word' id='word_1_21' title='bbox 619 675 762 768; x_wconf 60' lang='lat' dir='ltr'>¹dicens:</span> <span class='ocrx_word' id='word_1_22' title='bbox 799 685 889 748; x_wconf 84' lang='lat' dir='ltr'>Etsi</span> <span class='ocrx_word' id='word_1_23' title='bbox 913 685 1188 766; x_wconf 74' lang='lat' dir='ltr'>omnesscurrdali·</span> <span class='ocrx_word' id='word_1_24' title='bbox 1220 739 1225 748; x_wconf 95' lang='lat'><strong>.</strong></span> 
     </span>
    </p>

    <p class='ocr_par' dir='ltr' id='par_1_2' title="bbox 198 792 1186 890">
     <span class='ocr_line' id='line_1_5' title="bbox 198 792 1186 890; baseline -0.002 -22"><span class='ocrx_word' id='word_1_25' title='bbox 198 808 201 815; x_wconf 79' lang='grc'><em>’</em></span> <span class='ocrx_word' id='word_1_26' title='bbox 301 809 371 868; x_wconf 76' lang='lat' dir='ltr'>zati</span> <span class='ocrx_word' id='word_1_27' title='bbox 393 819 449 868; x_wconf 87' lang='lat' dir='ltr'>ete.</span> <span class='ocrx_word' id='word_1_28' title='bbox 478 820 559 867; x_wconf 90' lang='lat' dir='ltr'>cum</span> <span class='ocrx_word' id='word_1_29' title='bbox 585 793 703 864; x_wconf 88' lang='lat' dir='ltr'>dicere</span> <span class='ocrx_word' id='word_1_30' title='bbox 727 792 922 881; x_wconf 79' lang='lat' dir='ltr'>debuisset,</span> <span class='ocrx_word' id='word_1_31' title='bbox 944 792 972 864; x_wconf 89' lang='lat' dir='ltr'>si</span> <span class='ocrx_word' id='word_1_32' title='bbox 993 793 1106 890; x_wconf 79' lang='lat' dir='ltr'>gratia</span> <span class='ocrx_word' id='word_1_33' title='bbox 1126 814 1186 866; x_wconf 86' lang='lat' dir='ltr'>tua</span> 
     </span>
    </p>

    <p class='ocr_par' dir='ltr' id='par_1_3' title="bbox 268 886 1187 1006">
     <span class='ocr_line' id='line_1_6' title="bbox 268 886 1187 1006; baseline -0.007 -17"><span class='ocrx_word' id='word_1_34' title='bbox 268 964 271 973; x_wconf 49' lang='grc' dir='ltr'><em>ι</em></span> <span class='ocrx_word' id='word_1_35' title='bbox 299 886 411 989; x_wconf 65' lang='lat' dir='ltr'>ndat:</span> <span class='ocrx_word' id='word_1_36' title='bbox 438 935 562 986; x_wconf 87' lang='lat' dir='ltr'>contra</span> <span class='ocrx_word' id='word_1_37' title='bbox 584 937 671 984; x_wconf 86' lang='lat' dir='ltr'>vero</span> <span class='ocrx_word' id='word_1_38' title='bbox 689 930 814 1006; x_wconf 88' lang='lat' dir='ltr'>postea</span> <span class='ocrx_word' id='word_1_39' title='bbox 833 911 877 982; x_wconf 85' lang='lat' dir='ltr'>src</span> <span class='ocrx_word' id='word_1_40' title='bbox 895 910 1083 1006; x_wconf 78' lang='lat' dir='ltr'>loquitur:</span> <span class='ocrx_word' id='word_1_41' title='bbox 1104 918 1187 1004; x_wconf 68' lang='lat' dir='ltr'>Quid</span> 
     </span>
    </p>

    <p class='ocr_par' dir='ltr' id='par_1_4' title="bbox 300 1036 1186 1120">
     <span class='ocr_line' id='line_1_7' title="bbox 300 1036 1186 1120; baseline -0.005 -17"><span class='ocrx_word' id='word_1_42' title='bbox 300 1041 386 1103; x_wconf 84' lang='lat' dir='ltr'>nobis</span> <span class='ocrx_word' id='word_1_43' title='bbox 412 1042 595 1115; x_wconf 81' lang='lat' dir='ltr'>attenditis,</span> <span class='ocrx_word' id='word_1_44' title='bbox 631 1038 723 1120; x_wconf 82' lang='lat' dir='ltr'>quasi</span> <span class='ocrx_word' id='word_1_45' title='bbox 742 1038 874 1118; x_wconf 81' lang='lat' dir='ltr'>proprio</span> <span class='ocrx_word' id='word_1_46' title='bbox 903 1040 1023 1100; x_wconf 81' lang='lat' dir='ltr'>virtute</span> <span class='ocrx_word' id='word_1_47' title='bbox 1048 1036 1105 1098; x_wconf 74' lang='lat' dir='ltr'>vel</span> <span class='ocrx_word' id='word_1_48' title='bbox 1121 1039 1186 1118; x_wconf 85' lang='lat' dir='ltr'>pit·</span> 
     </span>
    </p>

    <p class='ocr_par' dir='ltr' id='par_1_5' title="bbox 300 1142 1233 1358">
     <span class='ocr_line' id='line_1_8' title="bbox 302 1142 1184 1239; baseline -0.005 -19"><span class='ocrx_word' id='word_1_49' title='bbox 302 1170 369 1220; x_wconf 80' lang='lat' dir='ltr'>tore</span> <span class='ocrx_word' id='word_1_50' title='bbox 386 1156 554 1233; x_wconf 73' lang='lat' dir='ltr'><em>fecerimus</em></span> <span class='ocrx_word' id='word_1_51' title='bbox 582 1157 661 1217; x_wconf 77' lang='lat' dir='ltr'>nunc</span> <span class='ocrx_word' id='word_1_52' title='bbox 688 1150 874 1216; x_wconf 76' lang='lat' dir='ltr'>ambulare?</span> <span class='ocrx_word' id='word_1_53' title='bbox 912 1143 1098 1239; x_wconf 81' lang='lat' dir='ltr'>Magnum</span> <span class='ocrx_word' id='word_1_54' title='bbox 1129 1142 1184 1216; x_wconf 82' lang='lat' dir='ltr'>hic</span> 
     </span>
     <span class='ocr_line' id='line_1_9' title="bbox 300 1258 1233 1358; baseline -0.001 -23"><span class='ocrx_word' id='word_1_55' title='bbox 300 1265 434 1358; x_wconf 82' lang='lat' dir='ltr'>dogma</span> <span class='ocrx_word' id='word_1_56' title='bbox 472 1263 690 1358; x_wconf 85' lang='lat' dir='ltr'>accipimus,</span> <span class='ocrx_word' id='word_1_57' title='bbox 735 1287 808 1336; x_wconf 90' lang='lat' dir='ltr'>non</span> <span class='ocrx_word' id='word_1_58' title='bbox 840 1259 999 1334; x_wconf 80' lang='lat' dir='ltr'>sufficere</span> <span class='ocrx_word' id='word_1_59' title='bbox 1033 1258 1187 1334; x_wconf 87' lang='lat' dir='ltr'>hominis</span> <span class='ocrx_word' id='word_1_60' title='bbox 1231 1298 1233 1303; x_wconf 93' lang='grc'><strong><em>·</em></strong></span> 
     </span>
    </p>
   </div>
   <div class='ocr_carea' id='block_1_2' title="bbox 299 1376 1062 1476">
    <p class='ocr_par' dir='ltr' id='par_1_6' title="bbox 299 1376 1062 1476">
     <span class='ocr_line' id='line_1_10' title="bbox 299 1376 1062 1476; baseline -0.008 -20"><span class='ocrx_word' id='word_1_61' title='bbox 299 1381 501 1466; x_wconf 77' lang='lat' dir='ltr'>fervorem,</span> <span class='ocrx_word' id='word_1_62' title='bbox 531 1379 596 1451; x_wconf 89' lang='lat' dir='ltr'>nisi</span> <span class='ocrx_word' id='word_1_63' title='bbox 618 1381 768 1476; x_wconf 77' lang='lat' dir='ltr'>superna</span> <span class='ocrx_word' id='word_1_64' title='bbox 790 1377 881 1450; x_wconf 90' lang='lat' dir='ltr'>adsit</span> <span class='ocrx_word' id='word_1_65' title='bbox 904 1376 1026 1474; x_wconf 87' lang='lat' dir='ltr'>gratia.</span> <span class='ocrx_word' id='word_1_66' title='bbox 1038 1380 1062 1416; x_wconf 76' lang='lat'>‘⁶</span> 
     </span>
    </p>
   </div>
   <div class='ocr_carea' id='block_1_3' title="bbox 300 1586 1216 2296">
    <p class='ocr_par' dir='ltr' id='par_1_7' title="bbox 300 1586 1216 2296">
     <span class='ocr_line' id='line_1_11' title="bbox 376 1586 1187 1710; baseline -0.001 -24"><span class='ocrx_word' id='word_1_67' title='bbox 376 1586 539 1686; x_wconf 66' lang='lat' dir='ltr'>Eriiririus</span> <span class='ocrx_word' id='word_1_68' title='bbox 558 1634 665 1699; x_wconf 85' lang='lat' dir='ltr'>vero,</span> <span class='ocrx_word' id='word_1_69' title='bbox 694 1638 801 1709; x_wconf 88' lang='lat' dir='ltr'>quem</span> <span class='ocrx_word' id='word_1_70' title='bbox 824 1606 876 1683; x_wconf 91' lang='lat' dir='ltr'>D.</span> <span class='ocrx_word' id='word_1_71' title='bbox 900 1589 1025 1685; x_wconf 80' lang='lat' dir='ltr'>Petrus</span> <span class='ocrx_word' id='word_1_72' title='bbox 1045 1631 1187 1710; x_wconf 85' lang='lat' dir='ltr'>aposto·</span> 
     </span>
     <span class='ocr_line' id='line_1_12' title="bbox 300 1728 1216 1842; baseline -0.003 -37"><span class='ocrx_word' id='word_1_73' title='bbox 300 1733 417 1806; x_wconf 88' lang='lat' dir='ltr'>lorum</span> <span class='ocrx_word' id='word_1_74' title='bbox 445 1731 615 1827; x_wconf 87' lang='lat' dir='ltr'>princeps</span> <span class='ocrx_word' id='word_1_75' title='bbox 639 1728 721 1802; x_wconf 83' lang='lat' dir='ltr'>fecit</span> <span class='ocrx_word' id='word_1_76' title='bbox 747 1755 792 1801; x_wconf 85' lang='lat' dir='ltr'>ex</span> <span class='ocrx_word' id='word_1_77' title='bbox 819 1730 883 1801; x_wconf 83' lang='lat' dir='ltr'>[uo</span> <span class='ocrx_word' id='word_1_78' title='bbox 904 1732 1027 1826; x_wconf 86' lang='lat' dir='ltr'>lapsu,</span> <span class='ocrx_word' id='word_1_79' title='bbox 1053 1731 1216 1842; x_wconf 42' lang='lat' dir='ltr'>profec-5</span> 
     </span>
     <span class='ocr_line' id='line_1_13' title="bbox 301 1845 1188 1935; baseline -0.003 -13"><span class='ocrx_word' id='word_1_80' title='bbox 301 1866 378 1935; x_wconf 89' lang='lat' dir='ltr'>tus,</span> <span class='ocrx_word' id='word_1_81' title='bbox 406 1874 488 1921; x_wconf 91' lang='lat' dir='ltr'>cum</span> <span class='ocrx_word' id='word_1_82' title='bbox 515 1849 554 1919; x_wconf 86' lang='lat' dir='ltr'>srt</span> <span class='ocrx_word' id='word_1_83' title='bbox 582 1845 691 1919; x_wconf 86' lang='lat' dir='ltr'>etiam.</span> <span class='ocrx_word' id='word_1_84' title='bbox 713 1846 747 1916; x_wconf 90' lang='lat' dir='ltr'>in</span> <span class='ocrx_word' id='word_1_85' title='bbox 777 1847 1017 1918; x_wconf 76' lang='lat' dir='ltr'>successorum</span> <span class='ocrx_word' id='word_1_86' title='bbox 1044 1847 1188 1919; x_wconf 83' lang='lat' dir='ltr'>suorum</span> 
     </span>
     <span class='ocr_line' id='line_1_14' title="bbox 301 1961 1188 2063; baseline -0.005 -24"><span class='ocrx_word' id='word_1_87' title='bbox 301 1965 528 2063; x_wconf 78' lang='lat' dir='ltr'>exemplum,</span> <span class='ocrx_word' id='word_1_88' title='bbox 568 1961 742 2037; x_wconf 87' lang='lat' dir='ltr'>modestia</span> <span class='ocrx_word' id='word_1_89' title='bbox 770 1963 958 2061; x_wconf 78' lang='lat' dir='ltr'>pracsertim</span> <span class='ocrx_word' id='word_1_90' title='bbox 990 1983 1026 2036; x_wconf 92' lang='lat' dir='ltr'>et</span> <span class='ocrx_word' id='word_1_91' title='bbox 1053 1962 1188 2036; x_wconf 87' lang='lat' dir='ltr'>humili·</span> 
     </span>
     <span class='ocr_line' id='line_1_15' title="bbox 300 2071 1188 2180; baseline -0.003 -23"><span class='ocrx_word' id='word_1_92' title='bbox 300 2103 375 2171; x_wconf 88' lang='lat' dir='ltr'>tas,</span> <span class='ocrx_word' id='word_1_93' title='bbox 403 2103 473 2180; x_wconf 86' lang='lat' dir='ltr'>qua¹</span> <span class='ocrx_word' id='word_1_94' title='bbox 493 2072 817 2179; x_wconf 79' lang='lat' dir='ltr'>reprehendentem</span> <span class='ocrx_word' id='word_1_95' title='bbox 842 2079 892 2152; x_wconf 91' lang='lat' dir='ltr'>D.</span> <span class='ocrx_word' id='word_1_96' title='bbox 919 2071 1069 2154; x_wconf 86' lang='lat' dir='ltr'>Paulum</span> <span class='ocrx_word' id='word_1_97' title='bbox 1090 2081 1188 2168; x_wconf 93' lang='lat' dir='ltr'>tulit,</span> 
     </span>
     <span class='ocr_line' id='line_1_16' title="bbox 300 2188 1190 2296; baseline -0.004 -23"><span class='ocrx_word' id='word_1_98' title='bbox 300 2188 432 2274; x_wconf 86' lang='lat' dir='ltr'>multos</span> <span class='ocrx_word' id='word_1_99' title='bbox 458 2221 576 2274; x_wconf 89' lang='lat' dir='ltr'>tamen</span> <span class='ocrx_word' id='word_1_100' title='bbox 606 2202 705 2271; x_wconf 90' lang='lat' dir='ltr'>nullo</span> <span class='ocrx_word' id='word_1_101' title='bbox 728 2217 801 2270; x_wconf 89' lang='lat' dir='ltr'>non</span> <span class='ocrx_word' id='word_1_102' title='bbox 829 2215 990 2296; x_wconf 76' lang='lat' dir='ltr'>tempore</span> <span class='ocrx_word' id='word_1_103' title='bbox 1017 2195 1053 2268; x_wconf 87' lang='lat' dir='ltr'>in</span> <span class='ocrx_word' id='word_1_104' title='bbox 1079 2216 1190 2271; x_wconf 90' lang='lat' dir='ltr'>trans·</span> 
     </span>
    </p>
   </div>
   <div class='ocr_carea' id='block_1_4' title="bbox 215 2314 1192 4059">
    <p class='ocr_par' dir='ltr' id='par_1_8' title="bbox 215 2314 1192 4059">
     <span class='ocr_line' id='line_1_17' title="bbox 301 2314 1188 2414; baseline -0.006 -22"><span class='ocrx_word' id='word_1_105' title='bbox 301 2333 444 2392; x_wconf 83' lang='lat' dir='ltr'>versum</span> <span class='ocrx_word' id='word_1_106' title='bbox 464 2317 555 2412; x_wconf 85' lang='lat' dir='ltr'>egit,</span> <span class='ocrx_word' id='word_1_107' title='bbox 576 2317 691 2413; x_wconf 89' lang='lat' dir='ltr'>ipsum</span> <span class='ocrx_word' id='word_1_108' title='bbox 711 2314 743 2386; x_wconf 82' lang='lat' dir='ltr'>S.</span> <span class='ocrx_word' id='word_1_109' title='bbox 765 2314 986 2414; x_wconf 88' lang='lat' dir='ltr'>Cyprianum</span> <span class='ocrx_word' id='word_1_110' title='bbox 1006 2315 1067 2387; x_wconf 85' lang='lat' dir='ltr'>M.</span> <span class='ocrx_word' id='word_1_111' title='bbox 1088 2315 1188 2389; x_wconf 85' lang='lat' dir='ltr'>cuius</span> 
     </span>
     <span class='ocr_line' id='line_1_18' title="bbox 299 2432 1191 2530; baseline -0.003 -23"><span class='ocrx_word' id='word_1_112' title='bbox 299 2435 337 2507; x_wconf 89' lang='lat' dir='ltr'>in</span> <span class='ocrx_word' id='word_1_113' title='bbox 374 2432 464 2508; x_wconf 83' lang='lat' dir='ltr'>hanc</span> <span class='ocrx_word' id='word_1_114' title='bbox 496 2461 567 2506; x_wconf 88' lang='lat' dir='ltr'>rem</span> <span class='ocrx_word' id='word_1_115' title='bbox 602 2433 714 2506; x_wconf 83' lang='lat' dir='ltr'>verba</span> <span class='ocrx_word' id='word_1_116' title='bbox 749 2454 783 2504; x_wconf 92' lang='lat' dir='ltr'>et</span> <span class='ocrx_word' id='word_1_117' title='bbox 823 2435 1028 2530; x_wconf 83' lang='lat' dir='ltr'>exemplum</span> <span class='ocrx_word' id='word_1_118' title='bbox 1063 2457 1191 2504; x_wconf 81' lang='lat' dir='ltr'>contra</span> 
     </span>
     <span class='ocr_line' id='line_1_19' title="bbox 300 2548 1191 2647; baseline -0.003 -22"><span class='ocrx_word' id='word_1_119' title='bbox 300 2551 510 2625; x_wconf 84' lang='lat' dir='ltr'>Donatistas</span> <span class='ocrx_word' id='word_1_120' title='bbox 534 2549 682 2623; x_wconf 86' lang='lat' dir='ltr'>afferens</span> <span class='ocrx_word' id='word_1_121' title='bbox 707 2549 740 2623; x_wconf 83' lang='lat' dir='ltr'>S.</span> <span class='ocrx_word' id='word_1_122' title='bbox 764 2549 1012 2647; x_wconf 66' lang='lat' dir='ltr'>Augustinus}</span> <span class='ocrx_word' id='word_1_123' title='bbox 1048 2548 1191 2646; x_wconf 83' lang='lat' dir='ltr'>„Mag-</span> 
     </span>
     <span class='ocr_line' id='line_1_20' title="bbox 300 2656 1191 2762; baseline -0.001 -22"><span class='ocrx_word' id='word_1_124' title='bbox 300 2685 385 2740; x_wconf 83' lang='lat' dir='ltr'>num&#39;</span> <span class='ocrx_word' id='word_1_125' title='bbox 409 2658 574 2762; x_wconf 89' lang='lat' dir='ltr'>quidem,</span> <span class='ocrx_word' id='word_1_126' title='bbox 603 2666 719 2762; x_wconf 87' lang='lat' dir='ltr'>inquit</span> <span class='ocrx_word' id='word_1_127' title='bbox 741 2656 802 2756; x_wconf 83' lang='lat' dir='ltr'>a),</span> <span class='ocrx_word' id='word_1_128' title='bbox 830 2667 994 2738; x_wconf 84' lang='lat' dir='ltr'>meritum</span> <span class='ocrx_word' id='word_1_129' title='bbox 1021 2667 1191 2739; x_wconf 86' lang='lat' dir='ltr'>novimus</span> 
     </span>
     <span class='ocr_line' id='line_1_21' title="bbox 300 2773 1191 2880; baseline -0.001 -24"><span class='ocrx_word' id='word_1_130' title='bbox 300 2784 474 2880; x_wconf 76' lang='lat' dir='ltr'>Cypriani</span> <span class='ocrx_word' id='word_1_131' title='bbox 497 2783 658 2880; x_wconf 82' lang='lat' dir='ltr'>episcopi</span> <span class='ocrx_word' id='word_1_132' title='bbox 680 2804 714 2855; x_wconf 90' lang='lat' dir='ltr'>et</span> <span class='ocrx_word' id='word_1_133' title='bbox 731 2776 913 2880; x_wconf 77' lang='lat' dir='ltr'>martyris3</span> <span class='ocrx_word' id='word_1_134' title='bbox 931 2773 992 2856; x_wconf 80' lang='lat' dir='ltr'>fed</span> <span class='ocrx_word' id='word_1_135' title='bbox 1012 2783 1191 2878; x_wconf 87' lang='lat' dir='ltr'>numquid</span> 
     </span>
     <span class='ocr_line' id='line_1_22' title="bbox 296 2896 1189 2998; baseline 0.001 -25"><span class='ocrx_word' id='word_1_136' title='bbox 296 2903 407 2973; x_wconf 82' lang='lat' dir='ltr'>maius</span> <span class='ocrx_word' id='word_1_137' title='bbox 451 2918 555 2996; x_wconf 85' lang='lat' dir='ltr'>quam</span> <span class='ocrx_word' id='word_1_138' title='bbox 596 2899 690 2972; x_wconf 85' lang='lat' dir='ltr'>Petri</span> <span class='ocrx_word' id='word_1_139' title='bbox 729 2901 882 2997; x_wconf 87' lang='lat' dir='ltr'>apostoli</span> <span class='ocrx_word' id='word_1_140' title='bbox 921 2896 966 2974; x_wconf 47' lang='lat' dir='ltr'>et*</span> <span class='ocrx_word' id='word_1_141' title='bbox 992 2898 1189 2998; x_wconf 77' lang='lat' dir='ltr'>martyris?</span> 
     </span>
     <span class='ocr_line' id='line_1_23' title="bbox 299 3016 1189 3115; baseline -0.003 -24"><span class='ocrx_word' id='word_1_142' title='bbox 299 3017 361 3091; x_wconf 64' lang='lat' dir='ltr'>De*</span> <span class='ocrx_word' id='word_1_143' title='bbox 396 3044 468 3113; x_wconf 93' lang='lat' dir='ltr'>quo</span> <span class='ocrx_word' id='word_1_144' title='bbox 505 3017 601 3089; x_wconf 92' lang='lat' dir='ltr'>idem</span> <span class='ocrx_word' id='word_1_145' title='bbox 638 3016 841 3114; x_wconf 80' lang='lat' dir='ltr'>Cyprianus</span> <span class='ocrx_word' id='word_1_146' title='bbox 877 3017 913 3089; x_wconf 88' lang='lat' dir='ltr'>in</span> <span class='ocrx_word' id='word_1_147' title='bbox 936 3017 1105 3115; x_wconf 80' lang='lat' dir='ltr'>¹epistola</span> <span class='ocrx_word' id='word_1_148' title='bbox 1142 3017 1189 3090; x_wconf 88' lang='lat' dir='ltr'>ad</span> 
     </span>
     <span class='ocr_line' id='line_1_24' title="bbox 297 3126 1186 3232; baseline -0.004 -23"><span class='ocrx_word' id='word_1_149' title='bbox 297 3126 473 3230; x_wconf 75' lang='lat' dir='ltr'>Quintum</span> <span class='ocrx_word' id='word_1_150' title='bbox 502 3134 550 3207; x_wconf 88' lang='lat' dir='ltr'>ita</span> <span class='ocrx_word' id='word_1_151' title='bbox 580 3127 755 3232; x_wconf 85' lang='lat' dir='ltr'>loquitur:</span> <span class='ocrx_word' id='word_1_152' title='bbox 774 3139 795 3174; x_wconf 82' lang='lat'><strong>“</strong></span> <span class='ocrx_word' id='word_1_153' title='bbox 822 3134 918 3209; x_wconf 84' lang='lat' dir='ltr'>Nam</span> <span class='ocrx_word' id='word_1_154' title='bbox 946 3161 1012 3208; x_wconf 85' lang='lat' dir='ltr'>nec</span> <span class='ocrx_word' id='word_1_155' title='bbox 1039 3134 1186 3222; x_wconf 82' lang='lat' dir='ltr'>Petrus,</span> 
     </span>
     <span class='ocr_line' id='line_1_25' title="bbox 294 3240 1187 3351; baseline -0.001 -26"><span class='ocrx_word' id='word_1_156' title='bbox 294 3253 438 3350; x_wconf 78' lang='lat' dir='ltr'>inquit,</span> <span class='ocrx_word' id='word_1_157' title='bbox 465 3279 572 3350; x_wconf 89' lang='lat' dir='ltr'>quem</span> <span class='ocrx_word' id='word_1_158' title='bbox 604 3253 755 3351; x_wconf 88' lang='lat' dir='ltr'>primum</span> <span class='ocrx_word' id='word_1_159' title='bbox 778 3240 968 3326; x_wconf 79' lang='lat' dir='ltr'>¹Dominus</span> <span class='ocrx_word' id='word_1_160' title='bbox 996 3245 1126 3346; x_wconf 74' lang='lat' dir='ltr'>cingit,</span> <span class='ocrx_word' id='word_1_161' title='bbox 1151 3270 1187 3324; x_wconf 87' lang='lat' dir='ltr'>et</span> 
     </span>
     <span class='ocr_line' id='line_1_26' title="bbox 295 3361 1186 3466; baseline -0.001 -24"><span class='ocrx_word' id='word_1_162' title='bbox 295 3361 400 3466; x_wconf 72' lang='lat' dir='ltr'>super</span> <span class='ocrx_word' id='word_1_163' title='bbox 445 3391 550 3465; x_wconf 90' lang='lat' dir='ltr'>quem</span> <span class='ocrx_word' id='word_1_164' title='bbox 593 3370 784 3443; x_wconf 78' lang='lat' dir='ltr'>aedificavit</span> <span class='ocrx_word' id='word_1_165' title='bbox 825 3362 1021 3443; x_wconf 75' lang='lat' dir='ltr'>Ecclesiam</span> <span class='ocrx_word' id='word_1_166' title='bbox 1059 3371 1186 3457; x_wconf 88' lang='lat' dir='ltr'>suam,</span> 
     </span>
     <span class='ocr_line' id='line_1_27' title="bbox 292 3477 1190 3587; baseline -0.004 -27"><span class='ocrx_word' id='word_1_167' title='bbox 292 3499 376 3560; x_wconf 76' lang='lat' dir='ltr'>c&#39;u&#39;m</span> <span class='ocrx_word' id='word_1_168' title='bbox 404 3478 520 3559; x_wconf 78' lang='lat' dir='ltr'>[ecum</span> <span class='ocrx_word' id='word_1_169' title='bbox 541 3486 686 3587; x_wconf 21' lang='lat' dir='ltr'>‘Paulus</span> <span class='ocrx_word' id='word_1_170' title='bbox 716 3488 762 3559; x_wconf 86' lang='lat' dir='ltr'>de</span> <span class='ocrx_word' id='word_1_171' title='bbox 793 3477 1063 3559; x_wconf 83' lang='lat' dir='ltr'>circumcisione</span> <span class='ocrx_word' id='word_1_172' title='bbox 1092 3504 1190 3584; x_wconf 87' lang='lat' dir='ltr'>post·</span> 
     </span>
     <span class='ocr_line' id='line_1_28' title="bbox 296 3588 1188 3701; baseline -0.004 -22"><span class='ocrx_word' id='word_1_173' title='bbox 296 3594 446 3679; x_wconf 86' lang='lat' dir='ltr'>modum</span> <span class='ocrx_word' id='word_1_174' title='bbox 476 3588 711 3701; x_wconf 78' lang='lat' dir='ltr'>disceptaret,</span> <span class='ocrx_word' id='word_1_175' title='bbox 737 3596 934 3677; x_wconf 75' lang='lat' dir='ltr'>vindicavit</span> <span class='ocrx_word' id='word_1_176' title='bbox 960 3601 1022 3675; x_wconf 84' lang='lat' dir='ltr'>sibi</span> <span class='ocrx_word' id='word_1_177' title='bbox 1051 3603 1188 3700; x_wconf 84' lang='lat' dir='ltr'>aliquid</span> 
     </span>
     <span class='ocr_line' id='line_1_29' title="bbox 258 3703 1190 3819; baseline -0.001 -24"><span class='ocrx_word' id='word_1_178' title='bbox 258 3703 259 3708; x_wconf 6' lang='grc' dir='ltr'>ἵ</span> <span class='ocrx_word' id='word_1_179' title='bbox 297 3712 515 3808; x_wconf 73' lang='lat' dir='ltr'>insolenter,</span> <span class='ocrx_word' id='word_1_180' title='bbox 556 3736 616 3795; x_wconf 84' lang='lat' dir='ltr'>aut</span> <span class='ocrx_word' id='word_1_181' title='bbox 654 3739 859 3819; x_wconf 83' lang='lat' dir='ltr'>arroganter</span> <span class='ocrx_word' id='word_1_182' title='bbox 893 3716 1105 3817; x_wconf 71' lang='lat' dir='ltr'>assumpsit,</span> <span class='ocrx_word' id='word_1_183' title='bbox 1147 3739 1190 3794; x_wconf 91' lang='lat' dir='ltr'>ut</span> 
     </span>
     <span class='ocr_line' id='line_1_30' title="bbox 294 3826 1192 3938; baseline 0 -26"><span class='ocrx_word' id='word_1_184' title='bbox 294 3836 448 3933; x_wconf 81' lang='lat' dir='ltr'>diceret,-</span> <span class='ocrx_word' id='word_1_185' title='bbox 484 3858 521 3914; x_wconf 74' lang='lat' dir='ltr'>sc·</span> <span class='ocrx_word' id='word_1_186' title='bbox 548 3826 738 3935; x_wconf 88' lang='lat' dir='ltr'>primatum</span> <span class='ocrx_word' id='word_1_187' title='bbox 764 3853 905 3925; x_wconf 83' lang='lat' dir='ltr'>tenere,</span> <span class='ocrx_word' id='word_1_188' title='bbox 942 3850 977 3910; x_wconf 85' lang='lat' dir='ltr'>et&#39;</span> <span class='ocrx_word' id='word_1_189' title='bbox 999 3839 1192 3938; x_wconf 83' lang='lat' dir='ltr'>obtempe-</span> 
     </span>
     <span class='ocr_line' id='line_1_31' title="bbox 215 3979 1068 4059; baseline 0.001 -17"><span class='ocrx_word' id='word_1_190' title='bbox 215 3989 220 4000; x_wconf 91' lang='lat'>&#39;</span> <span class='ocrx_word' id='word_1_191' title='bbox 332 3983 363 4054; x_wconf 77' lang='lat' dir='ltr'>a)</span> <span class='ocrx_word' id='word_1_192' title='bbox 381 3986 441 4044; x_wconf 79' lang='lat' dir='ltr'>Lr‘b.</span> <span class='ocrx_word' id='word_1_193' title='bbox 460 3984 506 4042; x_wconf 80' lang='lat' dir='ltr'>II.</span> <span class='ocrx_word' id='word_1_194' title='bbox 526 3985 555 4041; x_wconf 80' lang='lat' dir='ltr'>dr</span> <span class='ocrx_word' id='word_1_195' title='bbox 572 3979 697 4059; x_wconf 58' lang='lat' dir='ltr'>{optumi</span> <span class='ocrx_word' id='word_1_196' title='bbox 715 3996 805 4043; x_wconf 79' lang='lat' dir='ltr'>eornm</span> <span class='ocrx_word' id='word_1_197' title='bbox 823 3987 976 4043; x_wconf 79' lang='lat' dir='ltr'>Donrrirtrr</span> <span class='ocrx_word' id='word_1_198' title='bbox 992 4003 1019 4040; x_wconf 86' lang='lat' dir='ltr'>n.</span> <span class='ocrx_word' id='word_1_199' title='bbox 1030 4002 1068 4043; x_wconf 73' lang='lat' dir='ltr'>s.—</span> 
     </span>
    </p>
   </div>
   <div class='ocr_carea' id='block_1_5' title="bbox 0 0 1242 4568">
    <p class='ocr_par' dir='ltr' id='par_1_9' title="bbox 0 0 1242 4568">
     <span class='ocr_line' id='line_1_32' title="bbox 0 0 1242 4568; baseline 0 0"><span class='ocrx_word' id='word_1_200' title='bbox 0 0 1242 4568; x_wconf 95' lang='lat' dir='ltr'> </span> 
     </span>
    </p>
   </div>
  </div>
 </body>
</html>
