2474 4568
644 316 877 338 ..Ψ-Ὗ--Ἦ

177 313 182 325 “
325 307 400 380 314

175 416 292 525 cm?
317 436 382 511 etsi
410 431 561 508 lacessiti
592 432 638 505 ab
665 430 753 530 ¹ipsis
783 429 1008 506 dicentibus:
1045 427 1197 526 Domini,

190 543 270 599 CLX·
317 567 546 644 sipercutimus
562 561 716 636 ingramo
736 546 806 639 u)?
856 550 904 624 Et
924 549 1083 647 inprimis
1102 580 1123 626 a
1140 553 1197 627 Pe·

168 662 375 745 Wtro
410 673 512 744 servo
541 669 666 742 summi
692 667 882 740 sacerdotis
914 668 1110 743 auriculam
1143 671 1193 742 ab·

316 789 530 873 scindente,
569 786 607 858 in
648 812 754 881 quern
786 785 908 882 utique
940 788 1190 882 percutientem

315 906 438 1002 gladio
461 905 642 1000 insurgere
665 904 846 975 debebant
862 903 1006 1000 potius,
1033 930 1142 1000 quam
1159 906 1189 976 in

314 1022 528 1110 Christum,
563 1023 623 1118 qui
655 1021 805 1095 restituit
834 1024 932 1107 laeso,
950 1048 1100 1110 aurem,
1132 1022 1188 1095 Pe·

313 1159 481 1234 trumque
513 1139 670 1216 coercuit
703 1139 838 1216 iussum
873 1139 1011 1216 mittere
1038 1138 1190 1240 gladium

226 1250 256 1359 ,⁰
311 1256 355 1330 in
382 1258 558 1353 vaginam.

409 1487 513 1563 Unus
550 1515 639 1562 vero
676 1490 781 1567 nobis
820 1481 976 1570 sublimis
1011 1489 1130 1587 aquila
1165 1488 1191 1565 s*-

312 1607 470 1684 Joannes.
495 1633 624 1680 vocem
653 1608 777 1737 pandit
803 1618 906 1682 t'antae
932 1609 1105 1682 virtutis·
1137 1620 1193 1696 Ego

303 1733 406 1819 sum3
435 1724 529 1795 idem
556 1749 683 1820 nempe
709 1725 760 1812 is,
788 1726 931 1822 dequo
958 1727 1193 1823 Evangeliutn

316 1866 483 1912 exorsus:
515 1851 551 1911 Iu
573 1853 755 1932 principio,
784 1842 856 1930 ait,
883 1865 950 1915 erat
985 1855 1143 1931 Verbum,
1168 1863 1194 1916 et

319 1966 448 2034 Verbum
471 1980 539 2030 erat
561 1968 648 2048 apud
667 1967 783 2047 Deum,
804 1982 834 2031 ct
858 1968 941 2030 Deus
962 1981 1031 2031 erut
1055 1971 1191 2032 Verbum.

312 2073 451 2152 Jehova
473 2075 600 2148 scilicet
616 2076 797 2173 proprium
817 2074 891 2147 Dei
911 2088 1066 2163 nomen,
1096 2075 1192 2174 quod

312 2192 486 2287 quaerenti
511 2192 598 2264 olim
619 2193 748 2290 Moysi
768 2193 871 2287 Deus
894 2193 1131 2269 manifestavit
1151 2219 1192 2270 ex

312 2309 430 2383 rubo:
471 2319 536 2396 Ego
553 2318 652 2399 sum,
683 2323 737 2400 qui
754 2319 854 2400 stem,
876 2317 924 2396 stc
948 2321 1027 2385 dices
1046 2318 1127 2395 filiis
1154 2321 1193 2381 Is·
1229 2308 1231 2313 ’

312 2438 402 2511 rael,-
428 2439 484 2517 qui
510 2431 557 2497 est
582 2438 668 2498 misit
693 2456 739 2498 mc
764 2438 808 2498 ud
824 2457 905 2496 uos.-
932 2427 1078 2499 Jehova.
1133 2428 1190 2503 Ad

311 2543 411 2615 euius
436 2544 656 2614 tremendum
685 2562 817 2615 nomen
843 2544 901 2618 hic
927 2565 1094 2619 retrorsum
1117 2555 1191 2618 abie-

309 2683 384 2733 runt
396 2716 406 2748 ‚
433 2682 468 2731 et
488 2671 658 2732 cecideruut
683 2671 717 2732 in
740 2681 864 2734 terrum.

385 2890 500 2964 Porro
537 2889 594 2963 hic
633 2891 745 2965 divini
773 2892 937 2964 ,nominis
977 2893 1090 2972 virtus
1135 2896 1186 2967 de·

305 3029 548 3094 monstratur,
592 3029 629 3080 ut
661 3022 846 3082 innomine
879 3021 954 3091 Jesu
988 3041 1075 3082 omne
1112 3040 1184 3098 genu

298 3143 448 3217 flectatur
493 3136 690 3214 carlutium,
743 3139 932 3201 terrestrium
980 3151 1011 3198 et
1060 3139 1181 3216 inferno·

304 3274 399 3316 rum:
427 3269 499 3340 quo
518 3244 614 3316 idola
637 3265 759 3341 postea
778 3265 972 3340 prostrata,
998 3245 1118 3316 altaria
1140 3244 1182 3314 di.

304 3380 410 3445 ruta,
446 3364 576 3455 templa
606 3360 642 3432 in
672 3362 826 3430 cinerem
853 3362 1017 3443 redacta,
1056 3362 1179 3432 daemo-

301 3476 361 3549 nia
385 3477 527 3573 fugata,
553 3475 668 3549 sacculi
694 3476 796 3567 huius
823 3477 1039 3573 principatus
1066 3496 1101 3548 et
1124 3501 1178 3576 po·

301 3613 469 3680 testates,
501 3615 601 3686 reges
634 3612 667 3663 et
695 3593 925 3688 imperatores
956 3593 1059 3666 huius
1088 3597 1180 3666 sanc·¹

299 3709 421 3785 tissimi
448 3709 600 3782 nominis
620 3710 745 3782 :hostes
775 3731 809 3782 et
831 3716 1077 3807 per'secutores
1101 3735 1175 3806 pro·

297 3827 440 3924 fligati,
471 3852 563 3910 vero
594 3827 707 3903 divini
739 3829 893 3906 numinis
923 3828 1033 3902 cultui
1060 3832 1175 3902 locum

334 3972 364 4043 r)
383 3977 447 4036 buc,
468 3965 573 4040 XXVI}
590 3989 634 4050 49,

554 4098 560 4145 t
