2474 4568
250 270 326 352 418

111 409 227 475 ΟΜΝ
253 414 339 486 tium
371 410 447 508 agri
459 467 470 499 ‚
510 409 614 483 etiam
649 399 727 483 neci
761 399 821 484 (iat
855 406 908 502 a),
963 411 1141 510 'Cumque

104 530 238 588 CLXXX.
253 559 298 604 ex
321 535 458 627 templo
481 527 627 601 extracti
652 529 823 601 docentes
846 547 866 600 'e'
893 531 1058 604 custodia
1081 559 1138 604 au·

95 648 320 722 “Wiem
346 645 544 742 changeio
573 645 691 719 educti
716 645 844 719 iterum
869 647 1070 720 sisterentur
1088 651 1138 745 sy·

250 765 379 839 ned'rio
407 759 580 861 apostoli,
610 763 743 860 primus
759 761 919 835 omnium
932 765 1058 836 Petrus
1080 791 1137 862 pa·

250 878 320 956 lam
343 883 391 953 eis
413 881 536 972 edicit,
558 898 728 977 oportere·
747 879 833 952 Deo
853 881 966 976 magis
980 875 1136 954 obedire

251 1010 358 1096 quam
380 993 585 1070 hominibus
610 1019 675 1070 etc.
701 995 738 1086 b)
765 997 890 1069 Petrus
916 999 999 1071 item
1024 997 1062 1070 in
1086 1000 1137 1070 vi·

247 1118 353 1190 sione
379 1116 509 1187 certior
536 1100 649 1188 factus·
679 1109 956 1210 admonitusque
979 1109 1025 1188 de
1054 1143 1135 1213 gen·

253 1235 346 1308 tibus
370 1233 415 1306 ad
437 1226 660 1329 evangelium
683 1226 929 1320 admittendis‘,
951 1255 1031 1330 quae
1056 1253 1137 1308 tunc

250 1379 308 1427 res
333 1349 479 1422 maximi
503 1351 652 1422 omnino
680 1349 853 1422 momenti
879 1365 974 1440 erat‚
1010 1340 1057 1423 'ad
1084 1378 1138 1424 eo·

160 1475 163 1483 '
251 1490 329 1544 'rum
369 1468 536 1565 primitias
577 1459 787 1540 Cornelium
820 1459 989 1540 divinitus·
1024 1459 1136 1542 iussus

250 1587 401 1660 accurrit
427 1586 480 1675 c),
506 1608 651 1680 remque
676 1602 800 1682 postea
821 1584 1005 1681 discipulis
1027 1579 1137 1659 decla·

251 1724 324 1789 rat,
353 1722 394 1774 ac
425 1694 578 1799 primum
609 1703 685 1796 ipse·
713 1702 904 1776 concilium
931 1703 1137 1800 Hierosoly·
1177 1758 1180 1809 i

250 1821 423 1891 mitanum
444 1819 484 1909 d)
507 1816 631 1890 eadem
656 1819 702 1891 de'
722 1846 760 1892 re
781 1812 981 1916 auspicatus
1003 1812 1137 1894 senten·

251 1934 334 2017 tiam
360 1936 593 2034 pronunciat,
621 1954 728 2032 atque·
752 1934 884 2035 ubique
905 1938 942 2010 in
965 1938 1042 2012 aliis
1067 1934 1139 2033 qui·

251 2046 376 2129 bus'vis
401 2047 658 2128 occasionibus·
676 2056 778 2126 suum
800 2056 989 2152 primatum
1014 2047 1052 2126 in
1074 2056 1137 2128 hac

251 2194 420 2246 nascente
450 2192 534 2244 tunc
568 2188 711 2244 exercet
739 2168 899 2246 Ecclesia
928 2163 1138 2270 'Hierosolye

251 2292 343 2376 mis;
381 2314 460 2384 quae
488 2308 606 2360 tamen
634 2310 750 2362 erata
780 2289 958 2363 Romanis
987 2312 1072 2364 cum
1093 2292 1137 2363 sa·
1178 2354 1180 2361 .

252 2399 321 2480 ctis
345 2401 499 2478 iudaicis
522 2407 866 2502 destruendumque
890 2408 1024 2480 Romae
1045 2397 1138 2481 Petri
1176 2386 1180 2465 ¹1

249 2525 350 2617 sedes
377 2523 546 2619 [anguine
576 2527 818 2596 consecranda
846 2521 892 2599 ad
924 2527 1137 2600 constituen-
1178 2570 1180 2575 .

252 2635 335 2714 dam
359 2641 450 2714 inter
475 2661 599 2736 gentes
624 2632 844 2716 Ecclesiam}
872 2635 958 2716 dunt
986 2660 1034 2717 ex
1062 2669 1136 2716 arce

250 2749 413 2831 Romani
450 2758 589 2854 imperii
626 2760 729 2831 facile·
769 2778 833 2856 per·
869 2760 997 2833 orb'etn
1035 2761 1135 2834 nullis
1177 2850 1180 2857 Ι

250 2876 386 2972 imperii
419 2876 530 2947 Rom.
562 2877 793 2950 constrictum
821 2876 976 2966 finibus,
1010 2895 1137 2976 propa·

180 3015 186 3027 ·
250 2985 501 3089 ga1·eturiides
525 2986 640 3067 missis
661 3016 682 3068 a
703 2987 849 3069 Christo
869 2995 907 3066 in
931 2996 1134 3087 universum

250 3111 425 3184 mundum
455 3111 630 3208 apostolis
657 3113 701 3185 ad
728 3105 995 3210 praedicandum
1022 3115 1135 3187 Evan-

249 3226 384 3324 geiium
426 3222 794 3326 constituendumque
834 3224 932 3304 ovile
976 3229 1134 3316 Christi,

250 3346 351 3442 quod
380 3341 489 3420 Petro
514 3373 537 3419 n
560 3344 707 3422 Christo
734 3339 980 3422 concreditum
1007 3348 1135 3423 intelie-

250 3464 379 3538 ximus

285 3623 495 3704 &Achil-10
553 3623 587 3709 i)
604 3623 709 3703 Ibs29a
768 3618 916 3702 cittis.
977 3626 1134 3703 a)lb.Xl.

671 3746 689 3783 Ο
