2474 4568
357 297 734 331 .......
961 316 984 390 ὅ

67 438 71 444 ’
94 442 229 529 restuto
248 448 338 524 illud
360 449 605 549 scenopegiae3
627 449 689 543 ¹sed
712 473 816 539 tunc,
842 453 988 548 quando
1013 439 1131 503 clm

98 571 181 668 ipse
205 569 343 663 voluit,
372 568 434 665 qui
461 569 552 641 dixit
573 564 635 659 a):
664 579 729 655 Ego
742 598 827 661 pono
850 583 986 642 animam
1018 561 1121 655 clm·

64 677 67 681 ⁴
100 717 221 773 meam,
242 708 279 758 ut
290 699 402 760 iterum
404 694 535 774 sumam
546 697 641 759 illam.
678 697 771 759 Nemo
789 697 952 759 tauream
965 716 988 759 a
1001 683 1145 742 W*

100 784 241 894 mei-sed
253 833 309 890 ego
320 826 405 896 porro
422 833 490 876 cam
508 833 529 874 α
541 817 673 895 meipso,
691 827 722 876 et
730 826 919 896 potestatem
933 816 991 876 lra-
1028 812 1033 823 '

100 933 158 996 beo
169 934 304 1013 ponendi
324 950 412 993 eum.-
438 943 469 994 et
482 943 671 1012 potestatem
691 931 787 994 lrabeo
808 936 919 994 iterum
929 930 989 1010 su-

101 1050 204 1111 mendi
226 1067 304 1112 eam.
356 1047 420 1109 Hoc
438 1049 619 1134 mundatum
637 1052 739 1128 occepi
757 1068 778 1124 o
799 1050 893 1111 Patre
910 1069 987 1112 meo.

101 1156 228 1251 Itaque
247 1181 314 1228 nec
332 1156 382 1227 ob
401 1154 561 1227 timorem
582 1155 800 1227 accelerabat
817 1156 898 1243 iter,
920 1182 987 1230 nec
1027 1252 1031 1257 ⁵

103 1272 985 1370 procrastinabatobludaeorumexspectationem

102 1391 164 1462 sed
190 1390 388 1462 secundum
407 1393 628 1464 voluntatem
652 1389 763 1462 Patris
785 1392 836 1463 sui
857 1392 984 1486 sponte

100 1533 141 1579 se
160 1507 387 1602 accingebat,
408 1508 535 1595 finem,
555 1528 594 1581 ut
607 1507 717 1579 modo
736 1508 985 1595 intelleximus,

101 1649 208 1698 verus
234 1649 347 1718 agnus
369 1626 538 1722 paschalis
562 1625 792 1722 impositurus
814 1625 987 1719 legalibus

102 1741 299 1827 sacrificiis,
329 1741 407 1837 ipse
429 1742 636 1815 sacrificium
656 1743 795 1823 futurus
816 1767 882 1838 pro
906 1768 990 1839 pec·
1095 1830 1098 1837 ἱ

103 1859 190 1956 catis
211 1858 339 1930 nostris
361 1853 415 1946 bl:
444 1869 632 1950 Impossibile
655 1872 734 1931 enim
755 1884 817 1946 est,
835 1868 990 1946 sauguine

103 1997 269 2047 taurorum
292 1997 322 2046 et
344 1985 496 2047 hircorum
505 1986 638 2084 ,auferri
657 1971 796 2066 peccota.
850 1987 922 2048 Ideo
944 1990 990 2048 irr-

100 2104 242 2193 grtdierrs
267 2104 414 2163 muudum
441 2103 542 2164 dicite
582 2101 724 2163 Hostiam
750 2115 781 2164 et
805 2103 989 2164 oblationem

104 2221 252 2296 noluisti,
281 2239 388 2300 corpus
412 2231 515 2280 autem
540 2221 661 2300 optasti
686 2219 786 2279 milri:
812 2219 990 2281 holocauto-

101 2350 193 2398 mata
205 2356 268 2416 pro
280 2347 410 2417 peccato
427 2355 487 2395 uon
505 2336 561 2396 tibi
573 2337 768 2416 placuerunt.
802 2335 884 2396 Tuuc
903 2339 990 2396 dixi:

103 2453 181 2517 Ecce
197 2456 309 2516 venio:
330 2457 363 2514 in
380 2455 483 2533 capite
499 2446 732 2533 libriscriprurri
749 2465 795 2517 est
812 2455 930 2516 deme:
952 2462 989 2516 ot

95 2571 245 2651 faciam,
272 2569 376 2648 Deus,
402 2571 598 2633 voluntatem
623 2583 722 2634 tuam.
963 2568 968 2578 '

180 2795 268 2868 Erat
293 2823 403 2894 porro
430 2795 490 2869 hic
516 2796 682 2870 Herodes
710 2797 787 2886 ille,
818 2799 861 2871 ad
885 2825 991 2895 quem

104 2911 240 2985 Pilatus
268 2914 450 2986 Christum
476 2915 619 2988 miserat
642 2916 730 2988 Luc.
756 2917 900 2991 XXIII.
931 2917 993 3012 qui
1043 2924 1054 2969 -'

106 3044 175 3101 uiso
187 3040 263 3111 Jeru
277 3045 407 3117 gavisus
425 3055 469 3104 est
486 3044 605 3105 valde.-
630 3055 699 3105 erat
716 3046 795 3104 euim
813 3047 935 3124 cupieos
953 3062 992 3107 ex

105 3158 202 3218 multo
217 3170 352 3239 tempore
363 3159 468 3221 videre
482 3179 565 3236 eum,
593 3160 714 3241 eoquod
728 3162 874 3222 audierat
891 3163 992 3223 multa

51 3328 55 3334 ,
105 3277 144 3336 de
169 3295 229 3352 eo,
252 3288 284 3338 et
298 3275 450 3356 sperabat
464 3272 588 3352 fignum
612 3277 741 3360 aliquod
770 3279 875 3339 videre
895 3280 935 3340 ub
959 3298 994 3340 eo
1046 3261 1050 3268 ’

99 3389 183 3467 fieri.
237 3382 377 3455 Sciebat
394 3383 500 3480 igitur
521 3384 706 3473 Christus,
730 3385 914 3459 Herodem
935 3410 995 3458 cu-

106 3497 286 3588 riositate,
316 3527 391 3573 non
419 3502 591 3599 religione
619 3505 764 3577 ductum
793 3504 995 3577 desiderare
1074 3582 1076 3586 ,

107 3618 246 3713 srgnum
275 3619 421 3714 aliquod
450 3621 597 3707 videre;
628 3622 711 3693 ideo
737 3621 840 3693 dicit:
872 3627 943 3707 Ire,
966 3642 997 3692 et

108 3746 201 3808 dicire
221 3747 310 3828 vulpi
329 3747 397 3808 illi:
424 3749 501 3811 Ecce
522 3751 610 3811 eiicio
634 3717 799 3826 daeoionia,
828 3762 858 3811 et
869 3747 998 3829 sonito·

111 3875 154 3926 res
178 3863 306 3944 perficio
335 3865 390 3930 ert.
427 3857 562 3954 reliqua
590 3855 764 3929 etiamad
795 3855 993 3929 Pharisaeos

146 3998 175 4070 a)
194 4001 273 4069 Joan.
295 4005 332 4061 Χ.
354 4019 395 4074 17.
479 4002 513 4076 b)
528 4005 608 4060 Hebr.
630 4005 666 4060 X.
687 4021 713 4074 4.
733 4001 786 4062 etc(
