2474 4568
1123 196 1150 261 0

327 314 472 367 raov
646 282 878 353 a·

150 459 152 464 '
181 427 298 494 cm?
323 426 454 528 diatriton
479 459 717 530 testamentum,
743 441 844 539 quod
874 437 1038 525 Christus
1067 466 1204 522 novum

194 550 276 613 ⁰³⁵ss
322 557 492 645 instituit,
516 558 648 632 reiecto
668 559 801 649 veteri,
827 579 911 657 post
930 580 1082 633 mortem
1106 544 1228 636 fuam¹

25 734 27 738 .
109 733 113 740 .
166 665 309 758 W*
321 703 387 775 per
409 680 593 774 apostolos
613 677 682 750 iam
704 697 789 750 tunc
810 677 913 751 etiam
933 676 1096 751 sedentes
1104 687 1203 771 fiper
1225 710 1229 717 ’

321 805 448 870 thronos
467 805 637 866 iudicantes
657 804 814 867 duodecim
838 803 936 867 tribus
960 805 1060 869 Israel
1079 815 1203 869 notan·

321 930 376 987 ter
401 910 437 983 in
466 911 620 986 coneilio
644 903 977 1010 *Hierosolymitaoo
1004 909 1087 985 Act.
1114 906 1198 985 XV.
1232 926 1235 949 ⁵

322 1030 409 1103 dum
440 1027 567 1101 tradita
597 1026 662 1100 srbi
692 1027 862 1102 divinitus
888 1025 1099 1126 auetoritate
1127 1042 1235 1102 rem''

321 1145 613 1232 decernentibus,
644 1143 698 1217 his
719 1143 856 1232 verbis,
880 1157 983 1217 visum
1005 1139 1051 1217 est
1073 1153 1201 1237 Spiritui

310 1270 425 1353 sancto
450 1284 480 1335 et
505 1272 590 1334 nobis
614 1271 693 1332 niiril
711 1271 795 1333 ultro
816 1273 969 1353 imponere
989 1268 1080 1343 oobis
1104 1266 1200 1336 oneris

321 1394 586 1477 ercripostquam
606 1376 676 1449 iam
694 1376 789 1474 prius
808 1376 889 1452 Act.
907 1377 955 1452 X.
976 1403 1039 1476 per
1055 1375 1200 1451 Petrum
1221 1397 1231 1403 ·

315 1510 453 1590 primum
476 1505 560 1567 Deus
581 1506 731 1567 uisitauit
740 1502 866 1584 firmere
887 1504 1086 1584 exgentibus
1105 1522 1200 1588 popu·

319 1623 385 1685 lum
408 1624 523 1685 nomini
534 1619 618 1701 suo,
646 1609 743 1684 utin
766 1614 893 1686 eodem
920 1610 1076 1686 concilio
1103 1610 1200 1686 Jaco-

319 1726 388 1801 bus
414 1732 596 1824 apostolus
627 1705 765 1826 effatur*
778 1755 824 1801 ex
848 1755 909 1803 ore
939 1727 1052 1826 ipsius
1081 1714 1198 1817 Petri:

317 1843 382 1941 qui
404 1845 538 1940 ubique
562 1871 599 1918 se
619 1872 660 1918 os
682 1849 929 1945 apostolorum
951 1864 987 1918 et
1008 1865 1118 1942 caput
1142 1859 1200 1919 ex'·

317 1961 436 2035 hibuit
464 1988 665 2037 conversus
692 1987 713 2035 a
744 1966 868 2061 lapsu,
906 1987 1013 2059 quem
1046 1962 1078 2034 ei
1112 1984 1198 2037 mox

318 2080 417 2176 apud
446 2079 598 2153 eundem
619 2080 778 2166 Lucam,
805 2104 884 2154 eum
909 2079 959 2151 illi
988 2077 1199 2157 confirman-

259 2193 261 2200 ’
317 2197 386 2270 dos
415 2197 538 2270 fratres
564 2197 822 2284 commisisset,
855 2195 1069 2295 praedixerat
1098 2195 1199 2268 Chri·

315 2333 414 2402 stus,
441 2313 626 2408 statimque
654 2314 728 2385 sese
756 2313 909 2387 vaticinii
939 2311 1043 2414 huius
1068 2310 1198 2386 veritas

315 2429 487 2516 ostendit,
504 2455 684 2526 quemque
700 2430 891 2526 aliquando
906 2432 1080 2518 satanam,
1097 2428 1197 2527 quod

314 2573 390 2620 non
428 2548 590 2643 saperet,
630 2572 709 2644 quae
746 2547 820 2619 Dei
854 2548 961 2634 sunt,
1000 2545 1196 2644 appellavit

313 2662 496 2750 Christus,
518 2689 598 2736 cum
620 2663 692 2736 eius
712 2665 912 2761 passionem
933 2663 1104 2760 impedire
1125 2666 1195 2737 vel·

310 2782 378 2865 let,
403 2780 472 2849 iam
494 2779 645 2850 instante
668 2781 834 2875 passione
853 2780 1004 2854 maxime
1027 2779 1194 2854 cribravit

309 2893 430 2981 satan,
465 2911 506 2966 ut
530 2911 583 2966 ter
612 2893 792 2969 Christum
820 2917 985 2994 negaret,
1020 2897 1085 2970 fibi
1110 2900 1191 2996 pius

262 3086 265 3092 ,
296 3010 444 3097 -fidens,
464 3036 571 3108 quam
592 3011 729 3086 Christi
740 3014 876 3101 verbis,
897 3018 1036 3114 lapsum
1056 3014 1088 3087 ei
1106 3039 1192 3113 prae·

194 3185 197 3191 s
308 3125 482 3200 dicentis:
523 3153 605 3203 cum
640 3130 733 3204 enim
767 3132 813 3206 ad
846 3131 1188 3207 Petrumdiceret:

308 3253 431 3333 Simon,
459 3255 580 3336 Simon,
606 3277 671 3321 ecce
680 3259 818 3337 soranus
838 3262 991 3341 expetivit
1011 3277 1087 3337 oos,
1113 3248 1189 3347 ipse

308 3363 530 3436 confidenter
553 3364 639 3438 dicit
662 3362 723 3456 u):
747 3376 900 3458 Domine,
928 3389 1029 3439 recum
1048 3387 1189 3460 paratur

295 3486 394 3568 sum,
422 3499 452 3550 et
476 3491 509 3551 in
534 3497 705 3569 currerem,
733 3503 764 3554 et
784 3494 817 3554 in
843 3504 972 3557 mortem
998 3495 1053 3556 ire.
1106 3482 1187 3556 Nec

267 3631 272 3641 ·
303 3594 376 3666 hoc
400 3593 462 3665 srbi
487 3613 692 3693 arroganter
712 3600 951 3696 praesumsisse
975 3619 1183 3688 contentus,

304 3737 387 3784 cum
414 3710 576 3787 Christus
599 3717 793 3811 generatim
820 3743 944 3792 omnes
966 3715 1004 3789 in
1030 3745 1066 3792 se
1091 3718 1184 3791 scan-

213 3833 215 3839 ’
302 3827 423 3902 dalum
441 3825 478 3917 o)
503 3856 689 3927 passuros,
717 3838 834 3932 palam
854 3861 895 3908 ac
918 3834 1064 3933 praecise
1092 3834 1182 3909 dice·

336 3970 368 4046 a)
385 3974 449 4032 ure.
470 3975 573 4035 XXII.
591 3991 636 4049 33.
720 3976 752 4052 b)
770 3979 876 4040 Marta:
893 3982 1008 4042 XXVI.
1026 3995 1073 4052 31.
