2638 4694
32 471 166 572 sacculi)
189 479 328 576 ultimo
348 507 436 558 mox
455 502 558 554 antea
575 477 719 561 Judaeor
739 484 911 557 allocutus
944 475 1060 540 ΒΑΝ*

32 605 95 674 lc.
124 608 205 672 Ecce
229 609 423 690 relinquetur
445 609 555 685 vobis,
582 599 652 686 ait,
678 609 786 673 umus
806 624 913 673 vestra
951 599 1055 658 cxffl·

32 727 165 787 deserta:
194 725 270 786 dico
294 729 372 787 enim
390 725 496 801 vobis,
524 743 583 786 non
601 742 649 786 mc
665 725 809 788 videbitis
830 745 915 787 amo-
928 725 1071 786 W*

33 843 66 904 do
81 843 174 906 donee
194 842 335 904 dicatis:
357 841 557 918 Benedictus,
575 844 629 923 qui
644 845 730 904 uenit
747 845 916 906 innomine

35 957 162 1038 Domini.
218 957 266 1019 Et
284 943 418 1034 egressus
434 957 525 1028 Jesus
544 958 582 1019 de
598 959 710 1040 templo
734 960 820 1035 ibat5
848 977 916 1024 nec
960 929 966 942 ,

34 1065 177 1161 amplius
203 1064 377 1140 redibat,
415 1064 673 1160 Exspectanrus
696 1065 802 1161 igitur
826 1067 918 1140 lutu-

35 1206 105 1252 rum
140 1201 314 1278 tempus,
350 1206 425 1278 quo
452 1181 565 1253 ludaei
593 1181 738 1256 Christo
763 1184 830 1256 fint
854 1177 917 1254 Ho'·

36 1325 123 1368 sonno
139 1297 282 1372 fincerc
300 1315 335 1371 et
352 1317 554 1370 constanter
570 1299 801 1372 acclamaturi.
829 1297 918 1373 Ver·

37 1411 84 1484 bis
106 1412 175 1486 illis
198 1425 396 1488 Benedictus
411 1427 466 1507 qui
485 1425 571 1487 venit
592 1427 624 1486 in
648 1430 768 1489 nomine
789 1426 917 1489 Domini
1013 1407 1019 1418 .

37 1525 69 1597 in
96 1555 186 1604 mox
201 1522 203 1537 ’
218 1533 332 1605 citato
364 1530 533 1604 Matthaei
565 1533 648 1604 loco
685 1533 826 1606 additur
858 1531 916 1609 hic

38 1647 127 1740 apud
148 1647 291 1721 Lucam
310 1674 382 1738 pax
398 1659 432 1720 in
452 1657 540 1734 coelo,
559 1669 590 1718 et
606 1657 708 1733 gloria
723 1661 756 1721 in
773 1662 916 1740 excelsis,

41 1760 144 1851 lorte,
181 1765 270 1861 quia
295 1764 345 1836 ibi
373 1764 418 1836 de
445 1765 628 1837 excaecatis
649 1765 777 1838 ludaeis
799 1769 916 1842 sermo

42 1895 107 1964 est,
142 1879 400 1978 instabantque
428 1882 521 1968 fata,
556 1907 634 1976 quac
666 1882 705 1954 in
736 1884 916 1958 excisione

43 1994 128 2067 urbis
145 1996 300 2090 subituri
324 2016 440 2084 erant,
468 1997 757 2097 dispersioneque
778 2002 913 2098 gentis,

43 2105 74 2178 in
104 2137 173 2207 qua
208 2115 404 2188 etiamnum
445 2135 665 2201 versantur-2
704 2118 763 2188 hic
795 2139 914 2196 autem

46 2229 129 2320 apud
151 2230 291 2326 Lucam
314 2232 359 2303 de
387 2230 638 2304 acclamatione
659 2217 919 2330 discipulorum

49 2339 192 2435 Christi,
221 2350 286 2445 qui
316 2367 400 2420 tunc
424 2349 592 2434 aderant,
619 2349 666 2420 ad
688 2375 811 2423 eorum
837 2378 918 2422 cen·

48 2479 113 2530 sum
135 2466 371 2558 pertinentes,
400 2465 529 2561 quibus
550 2465 588 2535 in
609 2466 789 2540 nativitate
814 2467 917 2538 Chri*

49 2572 87 2643 sti
101 2578 143 2649 ab
160 2583 297 2679 angelis
324 2592 429 2654 Gloria
446 2594 479 2654 in
496 2592 621 2653 excelsis
642 2573 720 2671 Deo,'
737 2597 817 2657 etin
833 2607 919 2658 terra

48 2715 107 2774 Pax
138 2706 310 2773 hominibus
345 2718 399 2772 est
433 2701 687 2772 acclamatum:
729 2701 813 2773 dum
848 2702 917 2776 ianr

53 2819 126 2880 tunc
152 2801 295 2914 tempus
325 2815 491 2903 instaret,
538 2843 611 2912 quo
648 2817 809 2891 Christus
844 2839 918 2894 erat

58 2928 246 3018 expleturus
266 2959 359 3028 opus
379 2933 674 3008 reconciliationis
693 2955 840 3024 nostrae,
856 2964 918 3028 pa·

57 3044 162 3118 ‘licant
184 3077 241 3138 per
257 3059 444 3139 sanguinem
466 3063 564 3121 crucis
589 3065 674 3140 eius,
700 3059 770 3140 five
795 3080 858 3146 qua
884 3065 917 3128 in

59 3167 151 3245 terris,
164 3170 233 3249 scae
252 3194 317 3260 qua
339 3179 373 3237 in
391 3174 559 3256 culissunt
585 3164 636 3256 u).

87 3309 290 3387 umam
