2474 4568
589 315 820 335 h-——ffl

112 423 228 485 CAPUT
261 455 357 500 nunc
393 456 509 527 prope
546 448 608 499 est.
674 425 709 498 Si
745 448 826 499 ante.
862 429 1143 525 quadringentos

104 541 230 599 cmx·
262 571 375 617 annos
396 541 596 634 ⁸cnmhur:
626 546 848 632 dicerentur,
886 567 1025 643 tempus
1057 547 1144 618 illud

95 659 237 720 ΜΝ
260 656 521 756 plenitudinem
557 682 758 757 temporum
793 659 926 733 *Paulus
961 661 1142 749 vocabat,

259 781 372 850 multo
395 779 506 873 magis
527 805 680 874 praesens
703 798 840 875 tempus
859 779 906 865 ita
925 779 1142 869 vocandum.

258 897 313 966 At
334 895 489 967 fortassis
516 895 597 973 ideo
627 893 771 990 quidam
799 919 872 964 non
899 895 1069 983 credunt3
1098 917 1143 967 at·

261 1011 323 1105 qui
350 1011 432 1083 ideo
459 1010 570 1104 magis
598 1010 826 1099 credendum.
892 1007 999 1100 Unde
1030 1011 1139 1101 nosti,

260 1128 310 1199 mi
333 1129 466 1215 hom0,
494 1128 601 1199 finem
630 1148 664 1199 et
690 1126 906 1221 supradicta
931 1153 1005 1216 non
1030 1155 1141 1224 prope

260 1246 366 1315 esse?
403 1245 510 1316 Certe
538 1265 576 1314 ut
602 1243 818 1332 annifinem
844 1269 918 1330 non
947 1237 1043 1330 diem
1067 1245 1141 1316 ulti·

258 1387 355 1451 nrum
377 1360 524 1452 dicimus
546 1385 635 1445 esse,
660 1359 720 1431 led
742 1359 843 1430 etiam
864 1360 1027 1433 ultimum
1048 1388 1139 1448 men·

259 1480 333 1547 se‘m
349 1494 360 1563 ,'
383 1477 446 1557 etsi
474 1475 614 1570 triginta
637 1475 774 1546 dierum
800 1476 860 1562 srt3
886 1477 934 1546 ita
957 1476 985 1547 si
1009 1499 1062 1550 tot
1085 1505 1136 1549 an·

260 1619 388 1665 norum
409 1590 798 1688 quadringentesimum
820 1619 895 1665 esse
917 1593 1032 1679 finem·
1049 1595 1133 1675 dixe·

257 1711 386 1798 rimus,
414 1737 488 1781 non
513 1708 760 1799 aberravimus.
820 1710 1034 1805 Itaqueiam
1058 1731 1131 1783 tunc

57 1820 61 1827 ’
154 1910 159 1919 ⁵
257 1825 317 1896 ille
340 1827 446 1898 linem
471 1824 731 1922 praenuntiavit.
745 1827 788 1895 ⁶5.
819 1825 959 1919 Notant
986 1829 1128 1899 editores

258 1941 544 2034 Sanfllslauriani
568 1942 603 2032 in
629 1942 761 2038 praefat.
785 1944 813 2020 §.
840 1967 871 2014 2.
898 1943 1043 2041 scriptas
1065 1969 1128 2031 esst

256 2058 319 2150 has
342 2059 504 2152 homilias
530 2059 575 2130 ab
603 2085 698 2130 anno
726 2082 808 2151 390.
835 2084 946 2154 usque
968 2048 1055 2152 394,
1079 2063 1127 2132 vel

259 2198 342 2266 395.
370 2177 464 2249 haud
491 2179 616 2272 procul
647 2175 691 2265 ab
720 2203 775 2249 an.
798 2200 901 2268 400..
947 2175 1055 2249 Unde
1080 2203 1126 2248 au·

150 2333 152 2337 ⁴
256 2293 404 2387 spicium
427 2293 570 2363 sumitur
592 2293 755 2382 laeculum
777 2291 823 2363 V.
848 2319 920 2388 quo
944 2293 1065 2385 Roma
1085 2314 1125 2364 to·

255 2412 320 2483 ties
343 2412 480 2496 diruta,
503 2411 749 2508 Romanaque
774 2410 979 2505 monarchia
1001 2412 1041 2482 in
1062 2409 1123 2481 Au·

253 2532 398 2623 gustulo
426 2529 591 2625 concidit,
692 2527 695 2531 ’
783 2519 785 2531 ’

328 2761 370 2829 ld
391 2761 493 2855 quod
519 2759 574 2831 SS.
598 2761 668 2833 ΡΡ.
697 2787 767 2856 prae
790 2763 901 2837 oculis
923 2763 1119 2846 habuerunt,

252 2897 292 2968 pt
319 2880 426 2970 paulo
452 2881 533 2967 ante
560 2878 604 2948 de
633 2878 664 2948 S.
695 2879 878 2976 Cypriano
907 2882 1118 2962 notavimus,

252 3013 288 3063 et
307 2993 390 3072 alibi
416 2995 671 3089 explicavimus
697 2999 743 3068 de
766 3023 878 3092 regno
902 2998 1035 3080 Christi
1060 2995 1119 3069 mil·

247 3111 383 3203 lenario
407 3110 444 3201 in
471 3113 570 3185 terris
592 3114 946 3212 iuxta-apocalypsin
977 3116 1008 3187 S.
1032 3116 1120 3187 loan-

247 3229 322 3321 nis,
344 3229 385 3299 in
415 3255 486 3324 qua
511 3230 616 3303 status
645 3232 804 3320 Romani
828 3232 966 3327 imperii
992 3233 1120 3305 Roma·

189 3356 193 3361 ’
234 3369 315 3437 ,que
336 3347 533 3430 idololatrae
557 3349 622 3433 sub
651 3350 795 3419 nomine
822 3348 1019 3446 Babylonis
1046 3350 1121 3422 eius·

248 3485 317 3554 que
348 3460 505 3532 interitus
532 3465 727 3558 explicatur
754 3491 867 3560 usque
896 3469 940 3536 ad
966 3493 1043 3564 cap.
1070 3461 1121 3541 20ss

248 3594 321 3671 qu'o
347 3603 494 3669 regnum
522 3578 609 3651 illud
638 3582 869 3670 millenarium
895 3587 1124 3682 proponitur,

247 3715 443 3789 posteaque
472 3697 680 3771 solvendum
705 3702 869 3773 satanam.
900 3690 1016 3776 'Nec
1044 3729 1126 3776 vero

247 3810 279 3882 S.
305 3811 526 3902 Augustinus
550 3820 770 3912 apocalypsis
793 3819 823 3890 S.
845 3820 990 3893 loannis
1013 3825 1129 3896 memi-

248 3927 301 4025 pit
333 3925 370 3997 in
402 3927 517 4032 epist,
538 3954 618 4022 197·
649 3953 683 4003 et
719 3959 797 4026 199.
829 3938 875 4007 ad
905 3938 1129 4037 Hesychium
