2474 4568
898 313 972 391 ¹09'

87 445 185 517 factae
204 443 401 539 <synagogae
426 441 562 515 reiectae
583 415 808 537 plantataest
829 469 850 514 a
868 444 970 517 Chri·
996 442 1112 506 Cam

85 580 145 632 sto
175 559 337 631 Ecclesia
365 578 523 652 ternpore
546 557 674 630 ,excisae
701 559 795 631 urbis
824 579 860 631 et
886 558 1138 634 tem-CXXVHI·

85 676 136 773 pli
157 676 232 747 'iam
261 674 390 772 Romae
413 672 468 743 88.
495 673 589 745 Petri
615 693 652 745 et
676 674 776 773 Pauli
799 678 1125 771 sanguinevvv.

84 792 316 877 foecundata,
357 789 495 884 iamque
524 789 637 862 missis
669 817 734 885 per
766 793 972 867 universum
1042 813 1043 816 ’

88 897 220 981 orbem
243 906 416 1004 apostolis
444 907 645 1001 producere
671 908 778 1004 coepit
806 911 971 984 fructum.

87 1023 161 1098 Uti
175 1050 268 1096 vero
291 1022 424 1096 excisio
447 1022 544 1094 urbis
568 1022 897 1122 Hbrosolymitanae
920 1050 974 1125 ty-

89 1131 161 1239 pus
190 1141 260 1214 fuit
291 1140 605 1212 consummationis
633 1140 770 1228 saeculi,
797 1142 972 1240 respicere

90 1259 148 1330 hic
167 1257 315 1344 utilite,
339 1277 373 1328 et
392 1259 509 1327 levare
529 1255 696 1328 iubentur
718 1259 817 1330 electi
838 1261 971 1356 capita,

91 1401 171 1447 cum
203 1373 242 1444 in
258 1370 487 1467 -illa'magna
519 1372 744 1446 tribulatione
773 1379 837 1447 iiam
854 1393 982 1448 ramus·

93 1503 156 1562 eius
186 1513 271 1562 tener
291 1497 396 1577 fuerit
426 1507 456 1560 e't
474 1497 561 1576 folia
590 1512 667 1561 nata
694 1516 761 1586 pro
792 1491 974 1567 militantis

92 1607 263 1680 Ecclesiae
283 1605 505 1690 conditione,
526 1627 566 1676 ut
583 1606 868 1680 tribulationibus
886 1634 978 1682 cres-¹

96 1745 148 1795 cat
168 1743 204 1795 et
224 1742 456 1807 maturescat,
482 1721 519 1791 in
544 1722 698 1818 signum,
726 1739 802 1817 quia
813 1755 910 1817 prope
927 1747 974 1799 est

96 1822 179 1912 ¹estas
205 1839 393 1935 plenitudo
417 1839 587 1934 temp‘oris
611 1839 784 1914 advitam
807 1862 976 1917 aeternam

96 1955 132 2027 in
144 1955 267 2040 coelis,
292 1979 368 2050 quat
395 1955 522 2051 cuique
548 1959 740 2029 electorum
767 1959 803 2029 in
832 1980 977 2046 morte,

100 2073 257 2144 omnium
281 2073 428 2143 veroin
452 2075 758 2157 consummatione
779 2075 894 2146 t'aeculi
921 2096 975 2147 est

99 2191 214 2261 secura
238 2189 469 2261 redemtionis
496 2192 583 2284 spes.
645 2191 686 2260 ln
716 2190 885 2284 parabola
908 2192 979 2269 hae

102 2307 141 2377 de
174 2307 303 2378 arbore
337 2307 396 2379 fici
431 2307 648 2402 exponenda
676 2306 778 2402 ⁴parci
808 2308 888 2378 sunt
918 2306 977 2377 SS.

102 2420 238 2509 Patres,
280 2442 316 2493 et
349 2422 386 2492 in
420 2423 559 2494 diversa
590 2403 732 2495 abeunt.
800 2423 982 2509 „Ramus

102 2538 201 2612 huius
223 2539 329 2624 ficus,
357 2539 388 2610 S.
412 2539 548 2610 Hilario
573 2539 608 2609 in
629 2541 662 2608 h.
685 2543 707 2609 l.
731 2535 789 2628 a),
817 2539 979 2611 antichri-

102 2675 167 2727 stus
189 2682 266 2727 esse
290 2652 514 2749 intelligitur,
542 2656 677 2727 diaboli
701 2656 812 2743 filius,
841 2656 980 2753 peccati

103 2772 233 2866 portio,
253 2771 341 2866 legis
360 2792 521 2843 assertor.
534 2775 556 2810 “
606 2773 816 2846 Aversionis
835 2799 980 2845 causam

103 2886 180 2960 inde
206 2915 227 2959 e
250 2888 428 2984 paradyso
455 2889 598 2985 repetit,
627 2892 726 2984 quod
747 2891 851 2963 huius
876 2890 983 2961 arbo-

104 3002 147 3074 ris
168 3004 262 3077 loliis
283 3004 464 3077 Adamum
484 2997 648 3102 legamus
674 3007 830 3078 induisse
857 3033 914 3092 se,
941 3025 977 3078 et

101 3121 274 3216 pudorem
304 3121 529 3194 conscientiae
557 3123 704 3209 texisse,
725 3120 754 3208 ’,,
767 3124 802 3192 id
830 3144 882 3195 est
906 3143 980 3194 tan-

102 3264 202 3332 quam
222 3239 358 3334 peccati
373 3256 471 3310 veste
490 3239 554 3308 sub
577 3242 655 3332 lege
674 3238 939 3308 circumdatum.
952 3241 975 3277 ‘⁶

102 3353 131 3425 S.
162 3355 399 3427 Ambrosium
426 3354 571 3450 quidem
603 3353 679 3424 iam
707 3355 811 3448 supra
846 3354 979 3428 audi-vi·

103 3498 175 3544 mus
202 3473 408 3569 parabolam
434 3474 526 3568 hanc
558 3470 775 3565 coniungere
803 3470 900 3541 alteri
932 3472 977 3544 de

104 3587 155 3660 lici
176 3590 329 3677 arbore,
365 3615 435 3685 qua
457 3590 638 3686 synagoga
663 3614 784 3659 carens
807 3588 979 3660 fructibus

108 3708 300 3789 excidenda
330 3706 566 3803 proponitur3
604 3705 653 3776 illi
684 3706 767 3775 item
797 3703 981 3790 ficulneae,
1066 3748 1069 3754 ·
1108 3692 1111 3702 ¹

78 3852 82 3929 ι
111 3847 181 3921 quae
203 3823 390 3898 maledicta
411 3850 431 3896 a
453 3822 597 3918 Christo
621 3821 773 3906 exaruit3
799 3841 841 3893 ut
862 3841 979 3895 tamen

140 3966 169 4039 a)
190 3973 330 4029 Commma
349 3974 379 4026 in
395 3971 497 4030 Matri.
518 3990 541 4058 ⁶⁰.
562 3975 604 4028 26.
624 3989 650 4027 n.
670 3987 695 4026 a.
712 3951 740 4040 p}
760 3980 820 4036 732.
834 3962 841 3986 ²
949 3997 952 4003 ·
