<?xml version="1.0" encoding="UTF-8"?>
<!DOCTYPE html PUBLIC "-//W3C//DTD XHTML 1.0 Transitional//EN"
    "http://www.w3.org/TR/xhtml1/DTD/xhtml1-transitional.dtd">
<html xmlns="http://www.w3.org/1999/xhtml" xml:lang="en" lang="en">
 <head>
  <title>
</title>
<meta http-equiv="Content-Type" content="text/html;charset=utf-8" />
  <meta name='ocr-system' content='tesseract 3.04.00' />
  <meta name='ocr-capabilities' content='ocr_page ocr_carea ocr_par ocr_line ocrx_word'/>
</head>
<body>
  <div class='ocr_page' id='page_1' title='image "./desublimiinevan03gerbgoog_0385.png"; bbox 0 0 2606 4684; ppageno 0'>
   <div class='ocr_carea' id='block_1_1' title="bbox 714 333 945 374">
    <p class='ocr_par' dir='ltr' id='par_1_1' title="bbox 714 333 945 374">
     <span class='ocr_line' id='line_1_1' title="bbox 714 333 945 374; baseline -0.009 0"><span class='ocrx_word' id='word_1_1' title='bbox 714 333 945 374; x_wconf 53' lang='lat' dir='ltr'>m</span> 
     </span>
    </p>
   </div>
   <div class='ocr_carea' id='block_1_2' title="bbox 388 340 948 428">
    <p class='ocr_par' dir='ltr' id='par_1_2' title="bbox 388 340 948 428">
     <span class='ocr_line' id='line_1_2' title="bbox 388 340 948 428; baseline -0.011 -18"><span class='ocrx_word' id='word_1_2' title='bbox 388 340 462 428; x_wconf 80' lang='lat'>416</span> <span class='ocrx_word' id='word_1_3' title='bbox 715 377 948 404; x_wconf 39' lang='lat'>-—-*---,</span> 
     </span>
    </p>
   </div>
   <div class='ocr_carea' id='block_1_3' title="bbox 233 483 1280 3968">
    <p class='ocr_par' dir='ltr' id='par_1_3' title="bbox 233 483 1280 1402">
     <span class='ocr_line' id='line_1_3' title="bbox 239 483 1277 583; baseline -0.005 -21"><span class='ocrx_word' id='word_1_4' title='bbox 239 486 364 562; x_wconf 64' lang='lat' dir='ltr'>,Cim</span> <span class='ocrx_word' id='word_1_5' title='bbox 465 484 554 560; x_wconf 90' lang='lat' dir='ltr'>Non</span> <span class='ocrx_word' id='word_1_6' title='bbox 580 483 688 560; x_wconf 85' lang='lat' dir='ltr'>audet</span> <span class='ocrx_word' id='word_1_7' title='bbox 709 485 835 560; x_wconf 89' lang='lat' dir='ltr'>Petrus</span> <span class='ocrx_word' id='word_1_8' title='bbox 859 485 943 558; x_wconf 93' lang='lat' dir='ltr'>dum</span> <span class='ocrx_word' id='word_1_9' title='bbox 967 485 1277 583; x_wconf 78' lang='lat' dir='ltr'>interrogaretur:</span> 
     </span>
     <span class='ocr_line' id='line_1_4' title="bbox 243 603 1280 699; baseline -0.002 -23"><span class='ocrx_word' id='word_1_10' title='bbox 243 605 378 664; x_wconf 73' lang='lat' dir='ltr'>CLXXX.</span> <span class='ocrx_word' id='word_1_11' title='bbox 391 614 499 691; x_wconf 81' lang='lat' dir='ltr'><em>Diligis</em></span> <span class='ocrx_word' id='word_1_12' title='bbox 519 633 566 676; x_wconf 84' lang='lat' dir='ltr'>me</span> <span class='ocrx_word' id='word_1_13' title='bbox 578 615 652 695; x_wconf 82' lang='lat' dir='ltr'>plus</span> <span class='ocrx_word' id='word_1_14' title='bbox 668 613 737 689; x_wconf 81' lang='lat' dir='ltr'>liis,-</span> <span class='ocrx_word' id='word_1_15' title='bbox 765 606 844 699; x_wconf 83' lang='lat' dir='ltr'>plus</span> <span class='ocrx_word' id='word_1_16' title='bbox 865 603 996 677; x_wconf 83' lang='lat' dir='ltr'>cacteris</span> <span class='ocrx_word' id='word_1_17' title='bbox 1014 604 1077 676; x_wconf 87' lang='lat' dir='ltr'>fibi</span> <span class='ocrx_word' id='word_1_18' title='bbox 1097 604 1136 675; x_wconf 91' lang='lat' dir='ltr'>in</span> <span class='ocrx_word' id='word_1_19' title='bbox 1159 631 1280 676; x_wconf 88' lang='lat' dir='ltr'>aman·</span> 
     </span>
     <span class='ocr_line' id='line_1_5' title="bbox 233 719 1276 815; baseline -0.003 -20"><span class='ocrx_word' id='word_1_20' title='bbox 233 723 443 812; x_wconf 53' lang='lat' dir='ltr'>*vvdo</span> <span class='ocrx_word' id='word_1_21' title='bbox 465 721 641 807; x_wconf 87' lang='lat' dir='ltr'>tribuere,</span> <span class='ocrx_word' id='word_1_22' title='bbox 672 740 711 792; x_wconf 91' lang='lat' dir='ltr'>ut</span> <span class='ocrx_word' id='word_1_23' title='bbox 736 719 951 815; x_wconf 81' lang='lat' dir='ltr'>aliquande,</span> <span class='ocrx_word' id='word_1_24' title='bbox 984 721 1131 792; x_wconf 91' lang='lat' dir='ltr'>nimium</span> <span class='ocrx_word' id='word_1_25' title='bbox 1160 722 1208 791; x_wconf 87' lang='lat' dir='ltr'>dc</span> <span class='ocrx_word' id='word_1_26' title='bbox 1242 747 1276 792; x_wconf 87' lang='lat' dir='ltr'>se</span> 
     </span>
     <span class='ocr_line' id='line_1_6' title="bbox 382 835 1274 938; baseline -0.002 -28"><span class='ocrx_word' id='word_1_27' title='bbox 382 863 621 938; x_wconf 78' lang='lat' dir='ltr'>praesumens,</span> <span class='ocrx_word' id='word_1_28' title='bbox 644 838 717 908; x_wconf 84' lang='lat' dir='ltr'>sese</span> <span class='ocrx_word' id='word_1_29' title='bbox 736 837 867 909; x_wconf 78' lang='lat' dir='ltr'>cacteris</span> <span class='ocrx_word' id='word_1_30' title='bbox 888 835 1067 932; x_wconf 87' lang='lat' dir='ltr'>discipulis</span> <span class='ocrx_word' id='word_1_31' title='bbox 1096 838 1135 908; x_wconf 93' lang='lat' dir='ltr'>in</span> <span class='ocrx_word' id='word_1_32' title='bbox 1155 837 1274 908; x_wconf 89' lang='lat' dir='ltr'>studio</span> 
     </span>
     <span class='ocr_line' id='line_1_7' title="bbox 386 937 1274 1049; baseline -0.007 -21"><span class='ocrx_word' id='word_1_33' title='bbox 386 975 422 1028; x_wconf 85' lang='lat' dir='ltr'>et</span> <span class='ocrx_word' id='word_1_34' title='bbox 432 937 558 1028; x_wconf 87' lang='lat' dir='ltr'>amore</span> <span class='ocrx_word' id='word_1_35' title='bbox 576 979 658 1049; x_wconf 84' lang='lat' dir='ltr'>erga</span> <span class='ocrx_word' id='word_1_36' title='bbox 674 953 877 1048; x_wconf 80' lang='lat' dir='ltr'>magistrum</span> <span class='ocrx_word' id='word_1_37' title='bbox 896 953 1106 1049; x_wconf 80' lang='lat' dir='ltr'>praelerebat</span> <span class='ocrx_word' id='word_1_38' title='bbox 1127 953 1274 1025; x_wconf 82' lang='lat' dir='ltr'>dicens:</span> 
     </span>
     <span class='ocr_line' id='line_1_8' title="bbox 385 1078 1273 1160; baseline -0.006 -16"><span class='ocrx_word' id='word_1_39' title='bbox 385 1083 453 1144; x_wconf 85' lang='lat' dir='ltr'>Etsi</span> <span class='ocrx_word' id='word_1_40' title='bbox 481 1099 582 1143; x_wconf 82' lang='lat' dir='ltr'>omnes</span> <span class='ocrx_word' id='word_1_41' title='bbox 604 1080 726 1160; x_wconf 83' lang='lat' dir='ltr'>fuerint</span> <span class='ocrx_word' id='word_1_42' title='bbox 740 1078 956 1157; x_wconf 80' lang='lat' dir='ltr'>scandalizati</span> <span class='ocrx_word' id='word_1_43' title='bbox 981 1082 1014 1140; x_wconf 85' lang='lat' dir='ltr'>in</span> <span class='ocrx_word' id='word_1_44' title='bbox 1040 1093 1096 1156; x_wconf 82' lang='lat' dir='ltr'>te,</span> <span class='ocrx_word' id='word_1_45' title='bbox 1121 1078 1188 1158; x_wconf 75' lang='lat' dir='ltr'>fid</span> <span class='ocrx_word' id='word_1_46' title='bbox 1218 1097 1273 1140; x_wconf 85' lang='lat' dir='ltr'>non</span> 
     </span>
     <span class='ocr_line' id='line_1_9' title="bbox 382 1185 1276 1281; baseline -0.008 -18"><span class='ocrx_word' id='word_1_47' title='bbox 382 1217 445 1276; x_wconf 84' lang='lat' dir='ltr'>ego.</span> <span class='ocrx_word' id='word_1_48' title='bbox 497 1188 574 1261; x_wconf 89' lang='lat' dir='ltr'>lmo</span> <span class='ocrx_word' id='word_1_49' title='bbox 603 1185 706 1260; x_wconf 87' lang='lat' dir='ltr'>tertio</span> <span class='ocrx_word' id='word_1_50' title='bbox 733 1185 968 1281; x_wconf 86' lang='lat' dir='ltr'>interrogatus</span> <span class='ocrx_word' id='word_1_51' title='bbox 996 1187 1041 1256; x_wconf 92' lang='lat' dir='ltr'>de</span> <span class='ocrx_word' id='word_1_52' title='bbox 1064 1213 1197 1274; x_wconf 46' lang='lat' dir='ltr'>,amore</span> <span class='ocrx_word' id='word_1_53' title='bbox 1233 1185 1276 1256; x_wconf 86' lang='lat' dir='ltr'>ad</span> 
     </span>
     <span class='ocr_line' id='line_1_10' title="bbox 383 1301 1274 1402; baseline -0.007 -23"><span class='ocrx_word' id='word_1_54' title='bbox 383 1302 713 1402; x_wconf 83' lang='lat' dir='ltr'>compensationem</span> <span class='ocrx_word' id='word_1_55' title='bbox 739 1302 837 1374; x_wconf 86' lang='lat' dir='ltr'>trinae</span> <span class='ocrx_word' id='word_1_56' title='bbox 861 1301 1058 1398; x_wconf 86' lang='lat' dir='ltr'>negationis</span> <span class='ocrx_word' id='word_1_57' title='bbox 1085 1303 1274 1375; x_wconf 86' lang='lat' dir='ltr'>contrista·</span> 
     </span>
    </p>

    <p class='ocr_par' dir='ltr' id='par_1_4' title="bbox 383 1418 1272 1611">
     <span class='ocr_line' id='line_1_11' title="bbox 383 1418 1272 1505; baseline -0.006 -9"><span class='ocrx_word' id='word_1_58' title='bbox 383 1444 439 1496; x_wconf 90' lang='lat' dir='ltr'>tus</span> <span class='ocrx_word' id='word_1_59' title='bbox 470 1441 522 1494; x_wconf 87' lang='lat' dir='ltr'>est</span> <span class='ocrx_word' id='word_1_60' title='bbox 547 1420 694 1505; x_wconf 89' lang='lat' dir='ltr'>Petrus,</span> <span class='ocrx_word' id='word_1_61' title='bbox 723 1446 768 1489; x_wconf 90' lang='lat' dir='ltr'>ne</span> <span class='ocrx_word' id='word_1_62' title='bbox 794 1420 886 1492; x_wconf 86' lang='lat' dir='ltr'>forte</span> <span class='ocrx_word' id='word_1_63' title='bbox 922 1418 1083 1491; x_wconf 89' lang='lat' dir='ltr'>Christus</span> <span class='ocrx_word' id='word_1_64' title='bbox 1115 1420 1228 1494; x_wconf 85' lang='lat' dir='ltr'>hac</span> <span class='ocrx_word' id='word_1_65' title='bbox 1217 1442 1272 1491; x_wconf 87' lang='lat' dir='ltr'>rte·</span> 
     </span>
     <span class='ocr_line' id='line_1_12' title="bbox 383 1535 1267 1611; baseline -0.005 0"><span class='ocrx_word' id='word_1_66' title='bbox 383 1538 521 1611; x_wconf 83' lang='lat' dir='ltr'>ratione</span> <span class='ocrx_word' id='word_1_67' title='bbox 553 1537 668 1609; x_wconf 84' lang='lat' dir='ltr'>delec</span> <span class='ocrx_word' id='word_1_68' title='bbox 655 1556 728 1609; x_wconf 91' lang='lat' dir='ltr'>um</span> <span class='ocrx_word' id='word_1_69' title='bbox 760 1535 958 1607; x_wconf 81' lang='lat' dir='ltr'>dilectionis</span> <span class='ocrx_word' id='word_1_70' title='bbox 987 1538 1098 1608; x_wconf 89' lang='lat' dir='ltr'>vellet</span> <span class='ocrx_word' id='word_1_71' title='bbox 1128 1557 1267 1608; x_wconf 86' lang='lat' dir='ltr'>notare.</span> 
     </span>
    </p>

    <p class='ocr_par' dir='ltr' id='par_1_5' title="bbox 381 1651 1271 1866">
     <span class='ocr_line' id='line_1_13' title="bbox 383 1651 1267 1752; baseline -0.003 -26"><span class='ocrx_word' id='word_1_72' title='bbox 383 1655 454 1730; x_wconf 87' lang='lat' dir='ltr'>Sed</span> <span class='ocrx_word' id='word_1_73' title='bbox 474 1653 671 1752; x_wconf 81' lang='lat' dir='ltr'>Christus</span> <span class='ocrx_word' id='word_1_74' title='bbox 661 1681 697 1724; x_wconf 92' lang='lat' dir='ltr'>rn</span> <span class='ocrx_word' id='word_1_75' title='bbox 722 1653 794 1740; x_wconf 87' lang='lat' dir='ltr'>eis,</span> <span class='ocrx_word' id='word_1_76' title='bbox 820 1677 899 1748; x_wconf 84' lang='lat' dir='ltr'>quae</span> <span class='ocrx_word' id='word_1_77' title='bbox 922 1651 1063 1740; x_wconf 81' lang='lat' dir='ltr'>subdit,</span> <span class='ocrx_word' id='word_1_78' title='bbox 1090 1652 1267 1738; x_wconf 79' lang='lat' dir='ltr'>declarat,</span> 
     </span>
     <span class='ocr_line' id='line_1_14' title="bbox 381 1753 1271 1866; baseline -0.007 -23"><span class='ocrx_word' id='word_1_79' title='bbox 381 1753 566 1866; x_wconf 86' lang='lat' dir='ltr'>qualem</span> <span class='ocrx_word' id='word_1_80' title='bbox 557 1767 625 1842; x_wconf 87' lang='lat' dir='ltr'>tani</span> <span class='ocrx_word' id='word_1_81' title='bbox 659 1796 816 1842; x_wconf 89' lang='lat' dir='ltr'>amorem</span> <span class='ocrx_word' id='word_1_82' title='bbox 849 1795 914 1866; x_wconf 90' lang='lat' dir='ltr'>per</span> <span class='ocrx_word' id='word_1_83' title='bbox 951 1769 1098 1864; x_wconf 81' lang='lat' dir='ltr'>gratiam</span> <span class='ocrx_word' id='word_1_84' title='bbox 1132 1768 1271 1865; x_wconf 81' lang='lat' dir='ltr'>pectori</span> 
     </span>
    </p>

    <p class='ocr_par' dir='ltr' id='par_1_6' title="bbox 382 1886 1268 1983">
     <span class='ocr_line' id='line_1_15' title="bbox 382 1886 1268 1983; baseline -0.001 -26"><span class='ocrx_word' id='word_1_85' title='bbox 382 1888 455 1958; x_wconf 84' lang='lat' dir='ltr'>eius</span> <span class='ocrx_word' id='word_1_86' title='bbox 484 1888 698 1974; x_wconf 88' lang='lat' dir='ltr'>inseruerat,</span> <span class='ocrx_word' id='word_1_87' title='bbox 726 1908 831 1983; x_wconf 89' lang='lat' dir='ltr'>atque</span> <span class='ocrx_word' id='word_1_88' title='bbox 861 1889 1027 1981; x_wconf 85' lang='lat' dir='ltr'>exemplo</span> <span class='ocrx_word' id='word_1_89' title='bbox 1049 1887 1137 1971; x_wconf 87' lang='lat' dir='ltr'>suu,</span> <span class='ocrx_word' id='word_1_90' title='bbox 1168 1886 1268 1957; x_wconf 89' lang='lat' dir='ltr'>mori·</span> 
     </span>
    </p>

    <p class='ocr_par' dir='ltr' id='par_1_7' title="bbox 381 1989 1267 2102">
     <span class='ocr_line' id='line_1_16' title="bbox 381 1989 1267 2102; baseline -0.005 -24"><span class='ocrx_word' id='word_1_91' title='bbox 381 2004 478 2078; x_wconf 84' lang='lat' dir='ltr'>endo</span> <span class='ocrx_word' id='word_1_92' title='bbox 501 2003 537 2074; x_wconf 92' lang='lat' dir='ltr'>in</span> <span class='ocrx_word' id='word_1_93' title='bbox 561 2030 663 2076; x_wconf 87' lang='lat' dir='ltr'>cruce</span> <span class='ocrx_word' id='word_1_94' title='bbox 689 1989 1051 2102; x_wconf 78' lang='lat' dir='ltr'>praemonstraverat,</span> <span class='ocrx_word' id='word_1_95' title='bbox 1068 2027 1143 2096; x_wconf 92' lang='lat' dir='ltr'>quo</span> <span class='ocrx_word' id='word_1_96' title='bbox 1162 2003 1267 2076; x_wconf 80' lang='lat' dir='ltr'>maio</span> 
     </span>
    </p>

    <p class='ocr_par' dir='ltr' id='par_1_8' title="bbox 382 2119 1264 2217">
     <span class='ocr_line' id='line_1_17' title="bbox 382 2119 1264 2217; baseline -0.003 -24"><span class='ocrx_word' id='word_1_97' title='bbox 382 2147 455 2193; x_wconf 89' lang='lat' dir='ltr'>rem</span> <span class='ocrx_word' id='word_1_98' title='bbox 483 2145 611 2217; x_wconf 88' lang='lat' dir='ltr'>nempe</span> <span class='ocrx_word' id='word_1_99' title='bbox 634 2148 742 2194; x_wconf 91' lang='lat' dir='ltr'>nemo</span> <span class='ocrx_word' id='word_1_100' title='bbox 764 2120 894 2206; x_wconf 85' lang='lat' dir='ltr'>habet,</span> <span class='ocrx_word' id='word_1_101' title='bbox 921 2145 1028 2214; x_wconf 84' lang='lat' dir='ltr'>quam</span> <span class='ocrx_word' id='word_1_102' title='bbox 1053 2137 1093 2190; x_wconf 89' lang='lat' dir='ltr'>ut</span> <span class='ocrx_word' id='word_1_103' title='bbox 1114 2119 1264 2190; x_wconf 88' lang='lat' dir='ltr'>animam</span> 
     </span>
    </p>

    <p class='ocr_par' dir='ltr' id='par_1_9' title="bbox 380 2236 1262 2334">
     <span class='ocr_line' id='line_1_18' title="bbox 380 2236 1262 2334; baseline -0.006 -23"><span class='ocrx_word' id='word_1_104' title='bbox 380 2241 477 2312; x_wconf 83' lang='lat' dir='ltr'>luam</span> <span class='ocrx_word' id='word_1_105' title='bbox 497 2257 610 2334; x_wconf 88' lang='lat' dir='ltr'>ponat</span> <span class='ocrx_word' id='word_1_106' title='bbox 634 2239 711 2334; x_wconf 91' lang='lat' dir='ltr'>quis</span> <span class='ocrx_word' id='word_1_107' title='bbox 732 2262 798 2334; x_wconf 91' lang='lat' dir='ltr'>pro</span> <span class='ocrx_word' id='word_1_108' title='bbox 817 2261 884 2323; x_wconf 82' lang='lat' dir='ltr'>eo,</span> <span class='ocrx_word' id='word_1_109' title='bbox 912 2261 1017 2332; x_wconf 90' lang='lat' dir='ltr'>quem</span> <span class='ocrx_word' id='word_1_110' title='bbox 1036 2257 1152 2324; x_wconf 88' lang='lat' dir='ltr'>amat,</span> <span class='ocrx_word' id='word_1_111' title='bbox 1183 2236 1262 2309; x_wconf 90' lang='lat' dir='ltr'>illud</span> 
     </span>
    </p>

    <p class='ocr_par' dir='ltr' id='par_1_10' title="bbox 380 2352 1264 2428">
     <span class='ocr_line' id='line_1_19' title="bbox 380 2352 1264 2428; baseline -0.002 -2"><span class='ocrx_word' id='word_1_112' title='bbox 380 2355 438 2428; x_wconf 89' lang='lat' dir='ltr'>hic</span> <span class='ocrx_word' id='word_1_113' title='bbox 478 2355 693 2427; x_wconf 86' lang='lat' dir='ltr'>confirmans</span> <span class='ocrx_word' id='word_1_114' title='bbox 727 2353 829 2426; x_wconf 84' lang='lat' dir='ltr'>solita</span> <span class='ocrx_word' id='word_1_115' title='bbox 866 2355 927 2425; x_wconf 86' lang='lat' dir='ltr'>sua</span> <span class='ocrx_word' id='word_1_116' title='bbox 962 2352 1100 2426; x_wconf 91' lang='lat' dir='ltr'>iurandi</span> <span class='ocrx_word' id='word_1_117' title='bbox 1138 2355 1264 2426; x_wconf 82' lang='lat' dir='ltr'>formu·</span> 
     </span>
    </p>

    <p class='ocr_par' dir='ltr' id='par_1_11' title="bbox 319 2470 1262 2682">
     <span class='ocr_line' id='line_1_20' title="bbox 319 2470 1262 2567; baseline -0.009 -23"><span class='ocrx_word' id='word_1_118' title='bbox 319 2509 322 2516; x_wconf 55' lang='lat'><strong><em>¹</em></strong></span> <span class='ocrx_word' id='word_1_119' title='bbox 379 2476 436 2544; x_wconf 85' lang='lat' dir='ltr'>la:</span> <span class='ocrx_word' id='word_1_120' title='bbox 470 2485 588 2560; x_wconf 84' lang='lat' dir='ltr'>Amen,</span> <span class='ocrx_word' id='word_1_121' title='bbox 616 2486 734 2559; x_wconf 80' lang='lat' dir='ltr'>Anien,</span> <span class='ocrx_word' id='word_1_122' title='bbox 759 2470 899 2567; x_wconf 89' lang='lat' dir='ltr'>inquit,</span> <span class='ocrx_word' id='word_1_123' title='bbox 928 2481 996 2542; x_wconf 78' lang='lat' dir='ltr'>dico</span> <span class='ocrx_word' id='word_1_124' title='bbox 1022 2481 1080 2542; x_wconf 85' lang='lat' dir='ltr'>tibi</span> <span class='ocrx_word' id='word_1_125' title='bbox 1104 2492 1162 2542; x_wconf 84' lang='lat' dir='ltr'>etc</span> <span class='ocrx_word' id='word_1_126' title='bbox 1182 2528 1194 2558; x_wconf 93' lang='lat'>,</span> <span class='ocrx_word' id='word_1_127' title='bbox 1230 2499 1262 2555; x_wconf 69' lang='lat' dir='ltr'>ig</span> 
     </span>
     <span class='ocr_line' id='line_1_21' title="bbox 377 2594 1257 2696; baseline -0.002 -36"><span class='ocrx_word' id='word_1_128' title='bbox 377 2597 506 2674; x_wconf 77' lang='lat' dir='ltr'>nificons</span> <span class='ocrx_word' id='word_1_129' title='bbox 543 2617 607 2682; x_wconf 81' lang='lat' dir='ltr'>qua</span> <span class='ocrx_word' id='word_1_130' title='bbox 644 2610 741 2660; x_wconf 82' lang='lat' dir='ltr'>morte</span> <span class='ocrx_word' id='word_1_131' title='bbox 779 2594 1005 2696; x_wconf 72' lang='lat' dir='ltr'>clarificaturus</span> <span class='ocrx_word' id='word_1_132' title='bbox 1041 2607 1118 2658; x_wconf 87' lang='lat' dir='ltr'>essct</span> <span class='ocrx_word' id='word_1_133' title='bbox 1155 2597 1257 2661; x_wconf 82' lang='lat' dir='ltr'>Deum.</span> 
     </span>
    </p>

    <p class='ocr_par' dir='ltr' id='par_1_12' title="bbox 275 2687 1258 2918">
     <span class='ocr_line' id='line_1_22' title="bbox 275 2687 1258 2799; baseline -0.001 -23"><span class='ocrx_word' id='word_1_134' title='bbox 275 2723 277 2730; x_wconf 80' lang='grc'>’</span> <span class='ocrx_word' id='word_1_135' title='bbox 343 2703 541 2792; x_wconf 80' lang='lat' dir='ltr'>‘„Hunc,</span> <span class='ocrx_word' id='word_1_136' title='bbox 568 2708 647 2778; x_wconf 85' lang='lat' dir='ltr'>funt</span> <span class='ocrx_word' id='word_1_137' title='bbox 672 2703 838 2777; x_wconf 88' lang='lat' dir='ltr'>verbaS</span> <span class='ocrx_word' id='word_1_138' title='bbox 861 2703 1054 2799; x_wconf 85' lang='lat' dir='ltr'>Augustini</span> <span class='ocrx_word' id='word_1_139' title='bbox 1067 2687 1144 2793; x_wconf 85' lang='lat' dir='ltr'>a),</span> <span class='ocrx_word' id='word_1_140' title='bbox 1171 2704 1258 2778; x_wconf 87' lang='lat' dir='ltr'>inve·</span> 
     </span>
     <span class='ocr_line' id='line_1_23' title="bbox 377 2821 1279 2918; baseline -0.001 -26"><span class='ocrx_word' id='word_1_141' title='bbox 377 2822 433 2892; x_wconf 88' lang='lat' dir='ltr'>nit</span> <span class='ocrx_word' id='word_1_142' title='bbox 455 2821 586 2893; x_wconf 86' lang='lat' dir='ltr'>exitum</span> <span class='ocrx_word' id='word_1_143' title='bbox 611 2821 667 2892; x_wconf 90' lang='lat' dir='ltr'>ille</span> <span class='ocrx_word' id='word_1_144' title='bbox 690 2841 860 2916; x_wconf 85' lang='lat' dir='ltr'>negator,</span> <span class='ocrx_word' id='word_1_145' title='bbox 888 2841 923 2892; x_wconf 91' lang='lat' dir='ltr'>et</span> <span class='ocrx_word' id='word_1_146' title='bbox 948 2837 1106 2906; x_wconf 82' lang='lat' dir='ltr'>amator3</span> <span class='ocrx_word' id='word_1_147' title='bbox 1137 2846 1279 2918; x_wconf 82' lang='lat' dir='ltr'>praesu</span> 
     </span>
    </p>

    <p class='ocr_par' dir='ltr' id='par_1_13' title="bbox 374 2913 1251 3269">
     <span class='ocr_line' id='line_1_24' title="bbox 374 2913 1251 3034; baseline -0.002 -24"><span class='ocrx_word' id='word_1_148' title='bbox 374 2938 510 3010; x_wconf 89' lang='lat' dir='ltr'>mendo</span> <span class='ocrx_word' id='word_1_149' title='bbox 532 2941 666 3024; x_wconf 85' lang='lat' dir='ltr'>elatus,</span> <span class='ocrx_word' id='word_1_150' title='bbox 695 2939 862 3033; x_wconf 87' lang='lat' dir='ltr'>negando</span> <span class='ocrx_word' id='word_1_151' title='bbox 888 2913 1106 3034; x_wconf 76' lang='lat' dir='ltr'>prostritu5‚</span> <span class='ocrx_word' id='word_1_152' title='bbox 1134 2938 1251 3012; x_wconf 88' lang='lat' dir='ltr'>flendo</span> 
     </span>
     <span class='ocr_line' id='line_1_25' title="bbox 376 3055 1278 3166; baseline -0.005 -39"><span class='ocrx_word' id='word_1_153' title='bbox 376 3062 575 3166; x_wconf 82' lang='lat' dir='ltr'>purgatus,</span> <span class='ocrx_word' id='word_1_154' title='bbox 610 3056 820 3126; x_wconf 84' lang='lat' dir='ltr'>confitendo</span> <span class='ocrx_word' id='word_1_155' title='bbox 856 3055 1053 3150; x_wconf 84' lang='lat' dir='ltr'>probatus,</span> <span class='ocrx_word' id='word_1_156' title='bbox 1087 3055 1278 3160; x_wconf 84' lang='lat' dir='ltr'>patiendo</span> 
     </span>
     <span class='ocr_line' id='line_1_26' title="bbox 375 3169 1278 3269; baseline -0.008 -23"><span class='ocrx_word' id='word_1_157' title='bbox 375 3192 592 3258; x_wconf 83' lang='lat' dir='ltr'>coronatus;</span> <span class='ocrx_word' id='word_1_158' title='bbox 626 3171 765 3244; x_wconf 89' lang='lat' dir='ltr'>hunc</span> <span class='ocrx_word' id='word_1_159' title='bbox 756 3171 892 3244; x_wconf 83' lang='lat' dir='ltr'>invenit</span> <span class='ocrx_word' id='word_1_160' title='bbox 922 3169 1086 3258; x_wconf 84' lang='lat' dir='ltr'>exitum,</span> <span class='ocrx_word' id='word_1_161' title='bbox 1125 3173 1169 3246; x_wconf 82' lang='lat' dir='ltr'>itt</span> <span class='ocrx_word' id='word_1_162' title='bbox 1198 3194 1278 3269; x_wconf 84' lang='lat' dir='ltr'>pro</span> 
     </span>
    </p>

    <p class='ocr_par' dir='ltr' id='par_1_14' title="bbox 377 3289 1247 3386">
     <span class='ocr_line' id='line_1_27' title="bbox 377 3289 1247 3386; baseline 0.003 -28"><span class='ocrx_word' id='word_1_163' title='bbox 377 3289 452 3360; x_wconf 83' lang='lat' dir='ltr'>tius</span> <span class='ocrx_word' id='word_1_164' title='bbox 478 3289 622 3361; x_wconf 87' lang='lat' dir='ltr'>nomine</span> <span class='ocrx_word' id='word_1_165' title='bbox 648 3289 804 3386; x_wconf 80' lang='lat' dir='ltr'>perlecta</span> <span class='ocrx_word' id='word_1_166' title='bbox 827 3289 1017 3361; x_wconf 87' lang='lat' dir='ltr'>dilectione</span> <span class='ocrx_word' id='word_1_167' title='bbox 1039 3309 1247 3362; x_wconf 70' lang='lat' dir='ltr'>moreretur,</span> 
     </span>
    </p>

    <p class='ocr_par' dir='ltr' id='par_1_15' title="bbox 378 3404 1246 3503">
     <span class='ocr_line' id='line_1_28' title="bbox 378 3404 1246 3503; baseline -0.006 -27"><span class='ocrx_word' id='word_1_168' title='bbox 378 3425 459 3476; x_wconf 81' lang='lat' dir='ltr'>cum</span> <span class='ocrx_word' id='word_1_169' title='bbox 487 3429 561 3497; x_wconf 91' lang='lat' dir='ltr'>quo</span> <span class='ocrx_word' id='word_1_170' title='bbox 589 3430 626 3476; x_wconf 89' lang='lat' dir='ltr'>se</span> <span class='ocrx_word' id='word_1_171' title='bbox 649 3406 858 3479; x_wconf 87' lang='lat' dir='ltr'>moriturum</span> <span class='ocrx_word' id='word_1_172' title='bbox 882 3427 1048 3503; x_wconf 83' lang='lat' dir='ltr'>perversa</span> <span class='ocrx_word' id='word_1_173' title='bbox 1069 3404 1246 3478; x_wconf 80' lang='lat' dir='ltr'>festinatio</span> 
     </span>
    </p>

    <p class='ocr_par' dir='ltr' id='par_1_16' title="bbox 372 3520 1244 3747">
     <span class='ocr_line' id='line_1_29' title="bbox 375 3520 1244 3616; baseline -0.002 -24"><span class='ocrx_word' id='word_1_174' title='bbox 375 3545 421 3592; x_wconf 87' lang='lat' dir='ltr'>ne</span> <span class='ocrx_word' id='word_1_175' title='bbox 456 3520 672 3616; x_wconf 87' lang='lat' dir='ltr'>promiserat.</span> <span class='ocrx_word' id='word_1_176' title='bbox 732 3521 853 3592; x_wconf 86' lang='lat' dir='ltr'>Faciat</span> <span class='ocrx_word' id='word_1_177' title='bbox 889 3521 963 3593; x_wconf 90' lang='lat' dir='ltr'>eius</span> <span class='ocrx_word' id='word_1_178' title='bbox 999 3524 1244 3596; x_wconf 82' lang='lat' dir='ltr'>resurrectione</span> 
     </span>
     <span class='ocr_line' id='line_1_30' title="bbox 372 3637 1242 3747; baseline -0.009 -35"><span class='ocrx_word' id='word_1_179' title='bbox 372 3639 551 3723; x_wconf 84' lang='lat' dir='ltr'>firmatus,</span> <span class='ocrx_word' id='word_1_180' title='bbox 578 3637 882 3747; x_wconf 46' lang='lat' dir='ltr'>quodjanmature</span> <span class='ocrx_word' id='word_1_181' title='bbox 907 3637 1145 3735; x_wconf 83' lang='lat' dir='ltr'>pollicebatur</span> <span class='ocrx_word' id='word_1_182' title='bbox 1166 3637 1242 3714; x_wconf 84' lang='lat' dir='ltr'>infit·</span> 
     </span>
    </p>

    <p class='ocr_par' dir='ltr' id='par_1_17' title="bbox 370 3751 1242 3852">
     <span class='ocr_line' id='line_1_31' title="bbox 370 3751 1242 3852; baseline -0.01 -24"><span class='ocrx_word' id='word_1_183' title='bbox 370 3779 462 3828; x_wconf 90' lang='lat' dir='ltr'>mus.</span> <span class='ocrx_word' id='word_1_184' title='bbox 513 3753 597 3825; x_wconf 88' lang='lat' dir='ltr'>Hoc</span> <span class='ocrx_word' id='word_1_185' title='bbox 618 3753 712 3826; x_wconf 86' lang='lat' dir='ltr'>enim</span> <span class='ocrx_word' id='word_1_186' title='bbox 732 3755 942 3852; x_wconf 87' lang='lat' dir='ltr'>oportebat,</span> <span class='ocrx_word' id='word_1_187' title='bbox 963 3775 1003 3828; x_wconf 90' lang='lat' dir='ltr'>ut</span> <span class='ocrx_word' id='word_1_188' title='bbox 1020 3755 1117 3852; x_wconf 87' lang='lat' dir='ltr'>prius</span> <span class='ocrx_word' id='word_1_189' title='bbox 1138 3751 1242 3828; x_wconf 71' lang='lat' dir='ltr'>Chris</span> 
     </span>
    </p>

    <p class='ocr_par' dir='ltr' id='par_1_18' title="bbox 370 3869 1239 3968">
     <span class='ocr_line' id='line_1_32' title="bbox 370 3869 1239 3968; baseline -0.009 -22"><span class='ocrx_word' id='word_1_190' title='bbox 370 3891 425 3946; x_wconf 87' lang='lat' dir='ltr'>tus</span> <span class='ocrx_word' id='word_1_191' title='bbox 459 3896 525 3967; x_wconf 91' lang='lat' dir='ltr'>pro</span> <span class='ocrx_word' id='word_1_192' title='bbox 561 3869 655 3943; x_wconf 80' lang='lat' dir='ltr'>Petri</span> <span class='ocrx_word' id='word_1_193' title='bbox 685 3874 818 3960; x_wconf 85' lang='lat' dir='ltr'>salute,</span> <span class='ocrx_word' id='word_1_194' title='bbox 859 3873 991 3944; x_wconf 86' lang='lat' dir='ltr'>deinde</span> <span class='ocrx_word' id='word_1_195' title='bbox 1022 3872 1147 3944; x_wconf 85' lang='lat' dir='ltr'>Petrus</span> <span class='ocrx_word' id='word_1_196' title='bbox 1189 3889 1239 3968; x_wconf 90' lang='lat' dir='ltr'>pro</span> 
     </span>
    </p>
   </div>
   <div class='ocr_carea' id='block_1_4' title="bbox 365 3997 1238 4090">
    <p class='ocr_par' dir='ltr' id='par_1_19' title="bbox 365 3997 1238 4090">
     <span class='ocr_line' id='line_1_33' title="bbox 365 3997 1238 4090; baseline 0.008 -16"><span class='ocrx_word' id='word_1_197' title='bbox 365 3997 374 4013; x_wconf 84' lang='lat'><em>&#39;</em></span> <span class='ocrx_word' id='word_1_198' title='bbox 405 4016 437 4090; x_wconf 64' lang='lat' dir='ltr'>a&gt;</span> <span class='ocrx_word' id='word_1_199' title='bbox 460 4017 507 4076; x_wconf 77' lang='lat' dir='ltr'>n,</span> <span class='ocrx_word' id='word_1_200' title='bbox 529 4005 669 4075; x_wconf 74' lang='lat' dir='ltr'>cxxiii.</span> <span class='ocrx_word' id='word_1_201' title='bbox 688 4015 718 4072; x_wconf 75' lang='lat' dir='ltr'>u</span> <span class='ocrx_word' id='word_1_202' title='bbox 734 4013 782 4086; x_wconf 67' lang='lat' dir='ltr'>a.</span> <span class='ocrx_word' id='word_1_203' title='bbox 802 4032 827 4076; x_wconf 60' lang='grc' dir='ltr'>η.</span> <span class='ocrx_word' id='word_1_204' title='bbox 847 4029 873 4090; x_wconf 76' lang='lat'>4.</span> <span class='ocrx_word' id='word_1_205' title='bbox 896 4011 927 4075; x_wconf 84' lang='lat' dir='ltr'>r.</span> <span class='ocrx_word' id='word_1_206' title='bbox 947 4017 1010 4076; x_wconf 85' lang='lat'><em>111.</em></span> <span class='ocrx_word' id='word_1_207' title='bbox 1029 4021 1063 4075; x_wconf 80' lang='lat' dir='ltr'>r.</span> <span class='ocrx_word' id='word_1_208' title='bbox 1082 4018 1128 4075; x_wconf 81' lang='grc' dir='ltr'>ιι.</span> <span class='ocrx_word' id='word_1_209' title='bbox 1145 4029 1174 4090; x_wconf 66' lang='lat' dir='ltr'>p.</span> <span class='ocrx_word' id='word_1_210' title='bbox 1194 4013 1238 4081; x_wconf 70' lang='lat' dir='ltr'>ns·</span> 
     </span>
    </p>
   </div>
   <div class='ocr_carea' id='block_1_5' title="bbox 0 0 1308 4684">
    <p class='ocr_par' dir='ltr' id='par_1_20' title="bbox 0 0 1308 4684">
     <span class='ocr_line' id='line_1_34' title="bbox 0 0 1308 4684; baseline 0 2"><span class='ocrx_word' id='word_1_211' title='bbox 0 0 1308 4684; x_wconf 95' lang='lat' dir='ltr'> </span> 
     </span>
    </p>
   </div>
  </div>
 </body>
</html>
