2474 4568
326 301 379 368 30*
649 324 879 337 m*-

128 449 133 455 ’
180 429 295 492 cnm
496 430 531 520 C
560 431 798 536 APUT
855 431 1029 527 CXIV.-

171 550 576 729 &CHRISTUS
623 612 860 688 GRANUM
907 607 1214 693 MORTUUM·

408 740 479 812 ET
520 739 797 813 SEPULTUNI
835 742 889 812 IN
928 743 1117 816 TERRA

577 863 941 927 Mdt'ttt’tlcauuttur.

327 1014 461 1100 Amen,
482 1036 584 1088 omen
603 1015 681 1089 dico
702 1012 826 1102 vohis,
845 1018 918 1092 nisi
932 1038 1096 1113 granum
1108 1007 1203 1116 fru-

376 1134 487 1206 menti
510 1133 636 1206 cadens
659 1134 697 1205 in
723 1142 885 1220 terram,
912 1122 1097 1208 mortuum
1113 1131 1200 1233 fura

374 1251 430 1324 rit
437 1269 452 1335 ,·
477 1250 594 1343 iprum
602 1247 724 1346 folum
743 1260 872 1324 monet.
907 1249 948 1325 Si
965 1261 1084 1324 nutem
1103 1273 1200 1326 mor-

376 1375 480 1438 tuum
504 1362 654 1462 scierit,
697 1365 849 1441 multum
874 1363 1044 1464 fructum
1079 1361 1197 1463 offert.

199 1558 204 1567 ,
326 1470 329 1475 ’
376 1477 455 1582 Qui
481 1493 578 1555 aurat
603 1483 764 1556 animam
786 1481 909 1569 suam,
936 1482 1068 1578 perdet
1092 1506 1197 1558 eam:

376 1612 414 1672 et
435 1601 500 1694 qui
521 1596 602 1672 odit
625 1600 785 1673 animam
806 1597 906 1673 luam
931 1601 970 1673 in
991 1598 1066 1674 hoc
1089 1623 1199 1675 mun-

330 1736 333 1741 ⁴
375 1713 451 1801 do,
490 1716 528 1787 in
560 1719 673 1788 vitam
705 1728 877 1792 aeternam
907 1715 1072 1790 custodit
1102 1738 1195 1791 eam.

374 1827 411 1904 Si
439 1832 520 1928 quis
551 1830 640 1904 mihi
670 1824 876 1920 ministrat,
911 1857 971 1906 me
1001 1832 1196 1932 sequatur:

374 1959 412 2022 et
433 1949 497 2021 ubi
519 1945 596 2022 sum
623 1971 715 2045 εςο,Ι
743 1948 819 2024 illic
842 1961 879 2022 et
899 1951 1067 2025 minister
1091 1973 1197 2026 meus

372 2066 451 2138 erit.
480 2063 517 2138 Si
535 2067 616 2162 quis
635 2064 725 2139 mihi
744 2068 1023 2154 ministraverit,
1042 2065 1197 2143 honori-

335 2182 338 2198 *
372 2178 495 2257 ficabit
513 2205 598 2257 eum
612 2179 719 2257 Pater
737 2208 852 2258 meus.
881 2180 942 2260 Jo.
952 2179 1042 2259 XII.
1053 2209 1114 2282 24,
1126 2196 1194 2262 etc.

540 2366 968 2384 -ι-ι-ι-ῌι-ιιί-ὺιι-

152 2550 274 2613 Ecclesia
321 2464 613 2607 Animadverte
633 2535 818 2630 quomodo
840 2532 1001 2627 Christus
1021 2535 1197 2628 praemissa

151 2629 305 2751 fi'ssffin
323 2653 418 2723 solita
444 2654 502 2722 lua
521 2653 742 2723 asseverandi
763 2650 911 2725 formula
930 2653 1105 2738 declaret,
1128 2678 1199 2748 qua

152 2767 293 2834 gregando.
321 2767 456 2839 ratione
482 2793 564 2861 ager
588 2767 785 2838 dominicus
808 2761 965 2838 Ecclesia
989 2793 1050 2862 per
1071 2770 1197 2841 orbem

319 2885 411 2956 iuter
437 2905 559 2978 gentes
587 2883 627 2955 fit
656 2883 902 2969 seminandus,
930 2884 1078 2979 ipseque
1104 2887 1195 2958 adeo

317 3001 571 3097 glorificandus
601 3018 716 3081 morte
747 3001 827 3072 sua:
870 3019 904 3071 et
930 3025 1034 3096 quam
1064 3027 1195 3099 oppor-

318 3138 406 3190 tune
428 3145 499 3190 rem
524 3118 592 3191 suis
616 3118 795 3214 discipulis
823 3117 975 3214 aperiat,
1004 3119 1090 3190 dum
1105 3136 1204 3216 ‘gent

309 3237 394 3306 tiles
422 3237 564 3331 quidam
592 3262 636 3309 ex
664 3235 739 3322 his,
773 3235 832 3330 qui
864 3235 1119 3324 ascenderant,
1156 3255 1195 3308 ut

248 3405 250 3408 ψ
316 3353 505 3425 adorarent
531 3352 568 3423 in
597 3355 652 3424 die
678 3353 789 3437 festo,
815 3353 934 3424 lesum
960 3352 1081 3423 videre
1107 3351 1194 3425 desi·

315 3471 462 3540 derant:
499 3472 589 3540 lama
614 3469 775 3540 nimirum
799 3487 833 3540 et
863 3460 985 3541 auditu
1009 3468 1194 3542 miraculo·

257 3566 260 3573 δ
315 3612 394 3658 rum
415 3585 544 3658 Christi
562 3585 721 3671 excitati,
740 3609 824 3657 tunc
843 3612 919 3657 cum
939 3586 1193 3684 ludaei,’apud

314 3729 407 3799 quos
435 3724 566 3800 patrata
592 3703 751 3788 fuerant,
779 3703 896 3774 lesum
920 3704 1193 3776 exterminatum

314 3820 424 3893 ibant.
476 3821 587 3891 Erant
609 3821 680 3891 haec
701 3821 831 3892 semina
853 3819 1020 3892 Ecclesiae
1033 3826 1089 3892 'ex
1108 3846 1193 3916 gen·

315 3938 435 4011 vilibus
476 3938 734 4034 congregandae
775 3939 909 4012 fructus
951 3937 1074 4012 mortis
1113 3939 1192 4012 luae.
