2474 4568
309 238 863 345 118„='--‘'-'

166 401 280 470 thvr
309 405 370 501 qui
396 400 501 500 impia
530 419 565 476 et
593 401 745 473 nefanda
767 400 802 473 in
829 385 1034 471 altissimum
1063 399 1183 496 loquu·

156 522 286 590 CXXIX·
313 542 410 594 turus
433 522 526 592 est.“
577 514 954 596 S.1renaeusLib.=V.
978 535 1104 610 contre,
1123 517 1184 621 hae·
1227 596 1230 607 Ι

148 636 291 697 W*
315 617 408 718 reses
445 635 591 738 copiose
626 635 674 728 de¹
705 633 907 713 antichristo
944 649 1096 705 tractans
1129 630 1185 721 a),
1227 674 1230 705 ε

315 781 398 833 curn
426 753 498 833 eius
528 753 684 830 adventu
709 750 978 828 dissolutionem
1005 749 1188 821 desolatio·
1226 794 1230 847 r

312 897 467 967 nemque
491 870 599 949 Rom.
617 869 707 964 Imp.
729 864 925 966 coniungit.
963 864 1093 942 Taceo
1112 889 1186 962 quaa
1224 856 1230 969 l

312 990 358 1061 de
373 987 640 1065 resurrectione
667 985 797 1081 prima,
824 1009 937 1078 regno
963 981 1101 1055 Christi
1122 982 1189 1053 mil·
1223 976 1230 1097 l

311 1104 447 1183 lenario
465 1125 547 1201 post
563 1101 803 1175 antichristum
824 1100 978 1197 disputat
996 1098 1188 1196 praesertim
1222 1122 1230 1235 Ι·

236 1218 239 1223 ’
311 1247 340 1292 c.
367 1241 423 1308 35.
475 1220 703 1299 Tertulliano
730 1217 812 1289 item
841 1243 904 1313 per
931 1214 1188 1294 abscessionem

313 1335 359 1408 ΙΙ.
383 1336 547 1416 Thessal.
569 1337 613 1407 Il.
641 1360 672 1422 3.
693 1360 771 1431 quae
795 1334 891 1430 prius
911 1353 1063 1404 ventura
1086 1352 1188 1421 esset,
1205 1240 1230 1425 l

311 1474 432 1549 aperte
454 1453 660 1537 Romanurn
683 1433 875 1548 Imperium
894 1452 953 1522 seu
973 1450 1100 1523 statum
1119 1448 1188 1522 Ro·

311 1596 457 1658 manum
482 1568 662 1664 indigitari
689 1589 740 1639 est
765 1569 904 1639 visum:
945 1619 967 1652 „
980 1566 1117 1652 Cuius,
1143 1567 1187 1637 in·

310 1686 392 1781 quit
412 1686 468 1775 b),
496 1683 673 1758 abscessio
698 1685 733 1762 in
760 1686 882 1759 decern
910 1709 1010 1780 reges
1035 1684 1188 1779 dispersa
1217 1710 1230 1809 p

232 1799 236 1803 ’
309 1803 550 1882 antichristum
571 1802 764 1888 irrducet‚“
788 1828 893 1897 quem
915 1800 983 1878 iam
1004 1800 1135 1879 instare
1153 1798 1186 1871 in

309 1919 403 1999 libro
425 1929 560 2007 defuga
583 1931 615 1989 in
630 1947 744 2009 perseo.
771 1945 799 1994 c.
829 1944 883 1990 12.
907 1917 1016 2011 dicit3
1041 1917 1187 1996 fuerant·

310 2059 399 2130 que,
439 2035 502 2131 qui
526 2035 610 2114 olim
634 2033 814 2107 Simonem
838 2060 999 2131 magum,
1038 2032 1220 2129 ,autNo'¹

309 2177 435 2223 runem
464 2173 569 2248 atque
601 2152 729 2224 nostris
760 2152 863 2224 etiarn
895 2151 1117 2248 temporibus
1143 2148 1184 2221 H
1215 2118 1230 2223 l

311 2268 460 2348 Grotius
485 2269 612 2344 Caium
639 2269 674 2338 in
706 2267 912 2365 apocalypsi
939 2288 1101 2346 notatum
1130 2292 1185 2340 vo·
1219 2240 1230 2349 l

310 2387 385 2457 luit.
425 2386 536 2482 Apud
560 2385 821 2482 Hieronymum
841 2385 876 2463 in
897 2388 1060 2485 catalogo
1079 2383 1185 2480 script
1210 2372 1230 2451 ’ἐ

309 2501 417 2580 ludas
439 2486 580 2582 notatur
601 2503 690 2596 (qui
713 2529 803 2600 opus
821 2504 921 2583 suum
943 2502 979 2580 in
1000 2484 1186 2574 hebdoma·
1216 2512 1220 2517 '

251 2600 255 2610 ¹
310 2619 373 2687 das
397 2616 559 2690 Danielis
586 2635 698 2713 usque
723 2621 767 2697 ad
796 2607 965 2693 Severum
991 2612 1183 2715 perduxit)

309 2735 503 2808 adventurn
523 2734 716 2809 antichristi
736 2761 779 2810 eo
794 2753 956 2832 tempore
974 2735 1185 2832 praedixisse.

308 2846 516 2919 Victorinus
545 2849 606 2920 Μ.
640 2849 709 2945 Ep.
742 2850 957 2924 Petaviensis
987 2851 1023 2922 in
1057 2852 1216 2949 apocal'

308 2993 419 3036 unum
448 2965 539 3045 inter
573 2951 714 3040 caesares
746 2967 781 3040 in
815 2969 969 3067 Imperio
1004 2970 1182 3043 Romano.

193 3105 201 3123 t
309 3081 355 3152 Il.
379 3081 507 3162 Thess,
531 3085 574 3156 ll.
601 3107 634 3179 7.
661 3095 693 3160 8.
720 3085 967 3189 indigitatum,
995 3086 1185 3158 rediturum
1215 3126 1230 3199 3

308 3219 413 3297 putat
437 3199 473 3270 in
499 3201 570 3280 fine
598 3203 745 3290 mundi,
781 3231 886 3301 quem
913 3223 995 3309 post
1021 3204 1186 3306 praedica·
1219 3202 1230 3299 ξ

306 3336 383 3397 tum
409 3345 472 3413 per
494 3322 619 3391 'orbem
650 3341 817 3393 terrarum
839 3321 1078 3418 Evangelium
1099 3321 1189 3395 lutu-
1220 3350 1225 3387 r

308 3459 385 3513 rum
413 3419 520 3534 putat
541 3460 569 3504 c.
600 3439 632 3504 6.
694 3435 801 3513 Hunc
825 3461 911 3515 vero
939 3464 1014 3534 cap.
1045 3464 1101 3511 11.
1135 3461 1185 3509 12.

192 3592 195 3600 -
308 3568 427 3647 aperte
446 3551 509 3620 suo
532 3550 676 3620 nomine
698 3550 882 3626 Neronem
896 3559 1069 3651 appellat.
1116 3550 1189 3648 Qui
1211 3530 1230 3621 i

307 3668 352 3747 de
378 3666 696 3762 antiquissimorum
728 3670 995 3752 christianorum
1024 3671 1188 3770 precibus

308 3783 523 3867 solemnibus
553 3785 588 3854 in
621 3785 763 3888 liturgia
787 3819 849 3878 pro
882 3818 970 3861 moro
994 3799 1071 3878 finis
1111 3792 1189 3884 (de

343 3925 374 4014 s)
396 3927 454 4009 Cap.
474 3932 517 3985 26.
607 3925 638 3999 b)
656 3933 697 3987 De
713 3944 847 3990 resurrect.
868 3939 954 3990 carnis
971 3955 993 3991 c.
1015 3953 1059 4005 24,
1077 3953 1104 4010 p.
1126 3951 1187 4008 340,
1227 3970 1230 3981 .
