2474 4568
298 319 381 368 oon
633 277 864 345 Β

155 436 272 504 (ῘᾸΡῊ
305 440 486 540 theulogia
515 431 1004 538 eucharisticassapudssalt.
1034 424 1177 514 Cordei.

134 558 342 662 CXXXV1·in
372 585 494 634 catena
521 573 722 657 graecorum'
742 558 883 630 Petrum
913 557 948 628 in
975 557 1082 630 Lucre
1111 584 1178 654 cap.

146 675 431 753 wvxxss.
463 689 515 750 rh.
543 675 603 766 o):
632 677 802 763 „Totum
830 675 952 770 igitur,
980 669 1123 770 inquit,
1140 678 1181 747 sa·

303 823 404 870 erum
426 821 554 890 corpus
579 793 730 864 Domini
755 792 920 878 sumitur,
949 792 1089 862 tametsi
1117 812 1182 864 tan·

302 934 381 986 tum
408 913 574 1008 particula
597 909 814 1004 suscipiatur.
879 906 1067 979 Dividitur
1095 909 1182 980 enim

304 1020 513 1103 indivisibili
536 1029 666 1112 modo,
693 1026 727 1097 in
750 1025 915 1098 omnibus
936 1024 1096 1121 partibus
1121 1026 1183 1097 exi·
1222 1110 1230 1141 Ι

304 1170 402 1218 erens
435 1167 583 1241 propter
615 1143 930 1216 commixtionem:
958 1143 1182 1238 quemadmo·
1221 1144 1230 1225 ξ

305 1264 396 1334 dum
424 1263 571 1357 sigillum
599 1261 764 1333 omnibus
793 1286 830 1333 se
858 1258 1122 1345 communicat,
1155 1279 1185 1331 et
1221 1302 1226 1306 -

304 1380 459 1475 figuram
482 1382 576 1451 suam
599 1378 785 1473 imprimit,
812 1377 953 1448 unicum
976 1395 1094 1447 tamen
1116 1403 1186 1472 per·

309 1519 452 1582 manet,
475 1516 580 1590 atque
604 1495 844 1579 immutatum,
867 1513 901 1565 et
921 1515 1006 1589 post
1024 1493 1076 1564 sui
1099 1520 1186 1566 com·

309 1612 585 1685 municarinnem
624 1637 697 1683 non
738 1605 930 1704 minuitur,
965 1605 1104 1682 tametsi
1136 1638 1185 1683 res

307 1728 505 1800 innumerae
537 1728 598 1800 illo
630 1727 873 1823 obsignentur.
947 1727 996 1798 Et
1026 1728 1188 1822 quemad·

303 1846 457 1920 modum
481 1870 554 1916 vox
579 1846 622 1917 ab
648 1871 721 1917 uno
746 1848 901 1942 prolata,
929 1864 963 1916 et
984 1870 1048 1940 per
1075 1850 1193 1916 a't‘irem·

304 1961 463 2047 diffusa,
506 1985 578 2035 tota
610 1963 753 2058 quidem
790 1988 898 2058 penes
933 1962 1030 2032 illum
1066 1988 1087 2033 a
1118 1988 1186 2058 quo

308 2064 628 2176 proceditmanet,
654 2099 689 2152 et
709 2080 745 2150 in
764 2083 843 2151 affre
861 2081 967 2165 facta,
993 2074 1188 2151 tota'etiam

303 2198 357 2269 ob
394 2198 561 2269 omnibus
597 2198 687 2269 illam
728 2195 952 2268 audientibus
989 2196 1186 2293 excipitur,

310 2316 454 2403 nemine
473 2341 593 2386 eorum
616 2317 694 2409 plus
715 2315 878 2384 minusve
899 2314 1088 2397 referente,
1112 2340 1188 2386 cum

307 2453 387 2503 tota
410 2433 449 2502 sit
471 2431 713 2517 indivisibilis,
742 2449 776 2502 et
801 2431 923 2502 eadem
947 2429 981 2499 in
1005 2430 1188 2515 omnibus,

304 2548 381 2644 qui*
398 2549 491 2618 iliam
520 2549 662 2619 auribus
687 2549 871 2635 hauriunt,
900 2546 1032 2620 tametsi
1057 2547 1107 2618 illi
1132 2573 1190 2618 nu·

185 2676 186 2687 ¹
252 2721 254 2732 .
307 2693 411 2737 mero
433 2667 498 2735 hut
521 2669 615 2736 mille
640 2685 698 2736 aut
722 2668 883 2760 plures.“
934 2646 1189 2762 Quaecompa·

305 2780 398 2852 ratio
419 2786 536 2856 lucem
557 2781 725 2851 maiorem
740 2782 1042 2876 ‘assertioremque
1060 2783 1188 2878 accipit

302 2924 373 2994 ¹per
398 2896 672 2993 explicationem
698 2898 729 2969 S.
757 2897 924 2992 Gregorii
944 2898 1099 2970 Nissaeni
1120 2926 1187 2995 qua
1219 2927 1221 2930 ’

305 3041 438 3110 panem
468 3034 502 3086 et
530 3013 653 3085 vinum
672 3014 723 3084 vin
754 3041 885 3110 corpus
918 3036 952 3088 et
982 3016 1186 3110 sanguinem

303 3132 439 3204 Christi
462 3131 876 3217 transmutarittstendit,
898 3132 1186 3228 quandocunque

247 3317 249 3321 Α
303 3273 340 3321 et
362 3250 566 3346 ubicunque
586 3251 626 3322 {it
649 3251 766 3322 verbis
788 3250 918 3322 Christi
942 3252 1185 3336 consecratio,

299 3385 643 3460 transmutaturque,
682 3367 830 3461 perinde
865 3393 905 3438 ac
933 3367 1018 3438 dum
1048 3365 1186 3439 viveret

132 3570 133 3573 Ἴ
300 3484 486 3567 Christus,
511 3483 609 3577 panis
625 3504 659 3553 et
679 3483 820 3568 vinum,
850 3483 949 3556 cibus
973 3504 1008 3556 et
1028 3505 1135 3580 potus
1150 3485 1185 3554 in'

158 3601 161 3605 ’
244 3663 247 3669 s
303 3600 377 3671 eius
405 3619 599 3693 corpuset
625 3601 839 3694 sanguinem.
914 3587 1185 3694 „Quaerebatur

302 3717 413 3800 enim,
435 3715 546 3803 aith),
571 3719 874 3813 quemadmodum
889 3720 987 3820 quod
1004 3719 1106 3790 estin
1123 3718 1184 3791 illo

302 3860 432 3930 corpus
461 3834 614 3928 Christi,
642 3837 797 3908 vivificat
825 3863 968 3908 omnem
995 3835 1185 3910 hominum

236 4040 238 4046 ,
334 3977 365 4051 a)
383 3983 448 4049 Pag.
469 3996 528 4047 552.
615 3977 645 4048 b)
663 3982 706 4037 Ib.
723 3996 750 4054 p.
773 3995 833 4051 103.
