2474 4568
382 277 614 313 ...-
890 293 937 379 63

381 322 614 338 -ὴ-ι-

61 431 210 509 visibilis
232 434 400 531 operibus
419 433 523 507 Deus
555 455 735 517 creaturus
757 436 939 512 hominem
965 435 1081 501 ΟΜΝ

61 580 122 626 ens
152 552 412 639 intellectuale,
453 552 514 647 qui
544 553 677 625 caeteris
708 556 813 627 rebus
844 558 943 629 velut
974 560 1074 617 CXXI·

59 688 177 742 rector
209 686 302 740 esset
328 694 369 740 ac
394 667 632 762 gubernator,
670 671 834 766 analogia
860 676 1098 766 qua-vv*

60 787 141 858 dam
172 783 226 857 sui
252 783 289 855 in
319 811 374 856 res
402 782 583 858 universas
609 787 806 881 regiminis,
833 789 945 861 veluti

59 904 177 976 secum
207 900 393 973 consilium
419 900 553 974 iniens:
591 913 778 989 Faciamus,
806 903 943 998 inquit,

61 1019 158 1092 unde
192 1017 249 1090 SS.
282 1017 402 1092 Patres
433 1018 638 1114 mysterium
673 1018 729 1092 SS.
757 1020 946 1093 Trinitatis·

61 1135 259 1231 colligunt,
286 1146 437 1207 hominem
465 1145 508 1205 nd
530 1114 693 1220 imaginem
718 1157 749 1209 et
764 1143 945 1224 stmilitudi·

9 1264 15 1341 ρ
61 1281 123 1324 nem
146 1275 312 1353 nostrum:
339 1273 368 1323 et
388 1263 494 1342 presit
507 1261 643 1341 piscibus
663 1267 776 1339 maris,
802 1275 832 1326 et
857 1265 946 1326 voln-

63 1378 166 1440 tt'libus
191 1379 280 1455 teli,
307 1390 339 1441 tt
364 1378 492 1454 bestiis,
520 1379 723 1461 universeque
751 1391 854 1458 terrae,
880 1398 944 1442 onte

10 1466 14 1539 i
60 1499 150 1577 nique
172 1495 295 1575 reptili,
317 1495 401 1576 quod
416 1506 558 1556 movetur
577 1498 610 1555 in
628 1508 721 1558 terra.
766 1497 808 1559 Et
824 1501 944 1562 creavit
978 1486 981 1495 ’

10 1544 15 1719 ἔ
61 1609 144 1672 Deus
166 1611 329 1713 hominem·
343 1612 386 1672 ad
403 1613 566 1686 imaginem
576 1611 693 1689 fitam:
721 1615 766 1674 nd
780 1616 944 1690 imaginem

10 1722 13 1787 i
61 1726 117 1789 Dei
143 1731 266 1789 creavit
290 1727 395 1805 illum,
424 1735 463 1788 ut
490 1717 559 1788 iam
585 1716 643 1789 hic
669 1718 796 1805 tertie,
824 1746 864 1792 ac
886 1720 960 1793 de?

59 1833 185 1930 inceps
216 1833 318 1906 etiam
351 1859 424 1905 nou
453 1835 558 1906 [emel
586 1834 758 1930 repetitur
785 1835 821 1906 in
850 1837 943 1910 libro

62 1951 216 2022 Genesis
235 1947 294 2039 n),
317 1968 352 2021 et
373 1947 447 2021 aliis
470 1950 597 2022 divinis
617 1950 805 2047 scripturis.
841 1952 944 2026 Tum

60 2091 148 2139 vero
176 2087 366 2164 postquam
393 2066 560 2140 Gen‘lI.
587 2091 621 2154 7.
649 2069 805 2164 Moyses
833 2069 945 2141 homi-

61 2210 143 2256 nem
172 2210 192 2256 e
216 2183 301 2255 limo
325 2202 424 2255 terrae
445 2184 615 2254 formasse
635 2182 758 2254 Deum
777 2183 944 2274 dixisset,

61 2322 91 2373 et
111 2311 301 2392 inspiravit,
329 2300 445 2388 addit,
472 2313 504 2370 in
521 2308 641 2388 sociem
669 2312 735 2370 eius
751 2308 947 2389 spiraculum

60 2429 159 2503 nite,
198 2440 229 2489 et
247 2427 358 2508 factus
384 2439 430 2490 ert
455 2427 550 2487 nomn
572 2429 606 2487 in
632 2429 768 2486 animam
792 2429 950 2499 uiuentem

61 2532 234 2632 inspirata
267 2531 367 2630 quasi
403 2532 517 2606 divini
554 2532 708 2605 numinis
742 2545 825 2606 aura
857 2535 948 2608 entis

62 2650 191 2724 summi
219 2677 259 2723 nc
287 2651 529 2746 perfectissimi
553 2650 734 2722 intellectu
761 2669 796 2722 et
821 2654 951 2723 volun·

63 2777 136 2839 tat'e
163 2766 303 2864 praediti
329 2766 366 2838 in
394 2795 468 2841 uno
499 2766 704 2864 supposito,
733 2766 879 2840 homine
902 2794 948 2842 ex

64 2884 182 2956 anima
205 2902 241 2956 et
261 2908 415 2980 corpore
440 2905 649 2971 constante,
676 2884 738 2979 qui
765 2883 829 2956 fibi
850 2885 951 2957 intel·

64 3004 160 3073 leetu
182 3026 298 3073 rerum
325 3000 421 3074 ideas
444 3022 726 3096 repraesentaret,
753 3021 859 3097 atque
886 2999 950 3076 tio·

65 3117 211 3190 luntatis
244 3117 413 3214 imperio,
451 3141 531 3212 quae
566 3138 618 3191 est
647 3118 723 3215 ipsa
759 3122 948 3208 voluntas,

65 3236 168 3306 suum
192 3233 254 3305 fibi
277 3232 381 3305 etiam
404 3257 533 3329 corpus
560 3236 605 3304 ad
629 3255 754 3306 nutum
779 3235 949 3325 haberet,

65 3353 263 3424 subiectum
286 3375 366 3423 cum
390 3349 465 3423 aliis
489 3350 675 3436 omnibus,
704 3370 875 3446 quatenus
899 3378 951 3424 re-

67 3468 188 3564 gimen
212 3470 313 3543 suum
332 3467 540 3555 attinerent,
562 3487 603 3539 ut
622 3463 856 3563 dirigerentur
876 3496 949 3542 om·

68 3585 128 3658 nia
149 3586 196 3658 ad
220 3584 365 3658 unicum
392 3584 492 3656 illum
515 3610 633 3691 rerum
659 3606 852 3657 creatarum
876 3610 950 3656 om·

68 3703 166 3776 nium
197 3702 329 3786 finem,
363 3700 512 3796 gloriam
539 3701 633 3786 Dei,
660 3699 762 3797 primi
786 3700 950 3796 principii

68 3845 106 3893 ac
131 3817 215 3892 finis
245 3816 378 3905 ultimi,
405 3817 559 3921 hominis
581 3816 771 3917 imprimis,
799 3817 844 3890 ad
869 3817 952 3888 ima·

99 3963 131 4036 ι)
153 3967 217 4024 Gen.
242 3964 276 4026 V.
298 3981 323 4022 1.
345 3975 370 4022 rt
390 3963 447 4022 IX.
467 3968 492 4023 6.
