2474 4568
454 246 456 251 v
659 246 662 253 ι

452 332 683 346 -n-—n--n

955 317 1006 389 77

128 459 230 521 tudine
254 467 340 519 tum·
374 425 533 538 Eruntque
553 457 648 519 verba
670 458 749 534 ime,
776 477 840 540 qua
861 475 914 535 ego
936 478 1009 540 prae·
1028 443 1144 506 ΨΜ

124 580 204 657 cipio
223 575 282 636 tibi
299 573 405 650 hodie,
430 576 462 633 in
474 574 562 635 corde
580 585 644 634 tuo.
683 565 874 660 Repetitur
893 566 1003 639 Deut.
1022 562 1154 620 CXXffl·

124 683 189 755 XI.
217 705 274 767 13.
296 700 332 752 et
352 679 461 751 Deut.
485 679 613 750 XXX.
638 705 692 750 10.
714 701 779 753 etc.
802 708 876 753 non
895 684 1007 756 solum
1021 683 1161 743 W*

123 802 182 871 lex
219 798 319 884 haec,
356 797 415 868 fed
452 796 557 867 etiam
591 796 807 869 divinissima
843 799 924 884 illa,
962 815 1019 871 ex'

124 914 255 988 amoris
280 914 316 984 in
341 902 576 984 delectatione
602 913 717 985 cordis
746 937 891 1002 natura,
918 915 1007 1009 legis

124 1033 236 1117 ratio,
267 1029 353 1101 Deo
376 1031 513 1100 summo
533 1028 632 1100 bono
655 1029 759 1101 unice
781 1031 910 1125 digna,
937 1056 1009 1125 qua

124 1175 193 1220 nos
220 1148 286 1218 suo
311 1146 350 1216 in
381 1170 447 1216 nos
476 1171 619 1231 amore,
657 1166 699 1241 et¹
716 1168 835 1219 nostra
862 1147 899 1217 in
927 1173 1008 1220 eum
1080 1197 1093 1249 i

126 1263 322 1349 dilectione
342 1262 466 1332 beatos
489 1261 592 1332 facit:
619 1269 808 1333 Mandatum
831 1273 903 1350 hoc,
927 1274 1012 1355 quod

125 1409 178 1466 ego
194 1390 341 1470 pracipio
363 1387 420 1448 tibi
439 1369 549 1464 hodie,
576 1405 635 1448 non
646 1360 750 1468 flipriz
771 1401 800 1449 te
823 1401 888 1467 est,
915 1408 1010 1472 neque

120 1506 237 1588 procul
258 1509 422 1585 positum,
462 1506 570 1566 necin
598 1505 669 1565 coelo
689 1500 810 1581 strum,
847 1517 884 1565 ut
906 1510 1010 1585 possis

126 1624 250 1695 dicere:
276 1621 353 1703 Quis
375 1633 510 1680 nostrum
532 1620 619 1681 valet
640 1623 684 1681 ad
704 1621 809 1681 coelum
831 1622 1010 1700 ascendere,

126 1751 161 1801 ut
192 1737 315 1818 deferat
345 1736 423 1798 mad
450 1737 493 1798 ad
521 1755 597 1813 nos,
635 1749 665 1798 ec
696 1737 881 1815 audiamus,
919 1751 1014 1821 atquc

127 1874 217 1938 opere
239 1853 469 1935 complcamus?
511 1853 613 1934 Neque
635 1837 725 1915 'frans
750 1873 833 1916 mare
850 1858 1014 1935 positum,

128 1982 165 2034 ut
185 1975 338 2047 causeris,
358 1982 388 2031 et
407 1971 511 2030 dicas:
533 1969 610 2052 Quis
628 1987 666 2030 ex
683 1970 767 2031 nobis
777 1974 896 2062 poterit
915 1984 1016 2035 trans·

121 2089 246 2169 stetere,
271 2105 377 2163 mare,
403 2098 434 2148 et
454 2086 529 2147 illud
552 2086 595 2146 ad
617 2104 672 2146 nos
697 2086 832 2164 doferic:
861 2101 897 2148 ut
913 2091 1016 2168 possi·

129 2223 198 2267 mus
228 2207 358 2281 audire,
397 2214 427 2265 et
447 2202 581 2282 facere,
619 2202 703 2283 quod
725 2214 909 2283 paeceptum
939 2205 1014 2266 est?

126 2322 189 2385 -Sed
204 2325 301 2382 iuxta
322 2332 352 2383 te
373 2331 418 2382 est
438 2317 542 2398 sermo
559 2317 670 2394 valde,
694 2320 726 2378 in
753 2336 804 2380 ore
828 2332 901 2396 tuo,
928 2332 959 2381 et
983 2324 1015 2383 in

131 2440 220 2500 corde
240 2450 314 2513 tuo,
342 2448 377 2498 ut
389 2435 497 2514 facias
516 2435 611 2497 iHum.
660 2424 760 2518 Quid
783 2426 928 2522 propius
953 2452 1017 2515 no·

128 2545 186 2618 bis
223 2563 276 2616 est
312 2531 420 2615 corde
458 2560 605 2620 nostro,
643 2542 680 2612 in
718 2544 838 2615 medio
873 2543 1017 2615 nostri?

131 2683 240 2757 atque
261 2659 298 2730 in
322 2658 401 2754 ipso
423 2658 544 2730 medio
566 2658 684 2730 cordis
709 2659 820 2730 nostri
844 2681 896 2731 est
916 2686 1017 2733 amor

133 2797 275 2850 noster:
304 2775 358 2846 Sic
383 2795 455 2861 est,
480 2794 514 2847 et
542 2774 650 2848 debet
674 2802 751 2847 esse
777 2777 951 2872 peifectus
979 2778 1016 2848 in

133 2895 260 2967 Deum
285 2892 479 2965 secundum
502 2895 617 2986 legem
645 2893 837 2979 charitatis,
867 2913 905 2965 ut
931 2898 1020 2990 psal·

134 3011 238 3082 mista
265 3008 301 3079 in
330 3008 408 3104 ipsa
432 3033 585 3105 persona
611 3009 742 3081 Christi
769 3011 856 3083 dicit
882 3007 922 3101 a)
938 3038 946 3082 ε
963 3020 1020 3085 'In

135 3141 240 3219 capite
268 3136 337 3200 libri
352 3135 508 3216 scriptum
534 3148 579 3198 est
606 3136 642 3199 de
668 3156 737 3213 me,
765 3150 800 3199 ut
816 3139 941 3216 faciam
964 3158 1019 3199 vo·
1114 3190 1117 3195 ,

136 3255 289 3317 luntatem
305 3264 413 3315 tuam.-
433 3248 516 3312 Deus
536 3269 619 3314 meus
640 3253 745 3330 volui,
770 3265 801 3315 et
822 3255 914 3329 Iegem
934 3267 1023 3318 tuam

137 3376 167 3432 in
193 3371 296 3433 medio
321 3347 420 3432 cordis
446 3371 516 3431 mei.

214 3594 297 3668 Nec
319 3616 453 3670 tantum
475 3596 511 3668 in
534 3594 656 3690 medio
678 3597 795 3670 cordis
818 3588 926 3672 debei
947 3623 1022 3673 esse
1123 3675 1137 3694 ,
1185 3682 1190 3689 ,

93 3768 97 3777 .
145 3712 309 3800 charitas,
336 3715 520 3786 sedetiam
547 3715 673 3787 diffusa
694 3714 729 3785 in
751 3716 877 3801 corde,
906 3730 1040 3789 totum'

89 3828 100 3897 ¹]
148 3829 250 3902 debet
274 3834 421 3926 replere.
480 3830 562 3908 Hoc
592 3852 664 3920 est,
691 3832 794 3929 quod
823 3831 915 3906 idem
942 3835 1031 3929 pro·'

179 3972 208 4042 a)
226 3963 327 4034 isaim.
349 3943 493 4065 xxxii.
513 3989 537 4040 e.
