2602 4696
356 365 588 386 -hb--u--afl

32 486 293 584 omnipotentis
319 488 559 582 agnoscimus,
588 487 766 586 praesentis
785 491 911 561 mundi
943 483 1058 547 ΟΜ

32 607 95 676 iam
122 605 297 678 terminus
324 605 421 677 iuxta
446 631 519 691 est,
556 627 590 677 et
615 609 813 679 sanctorum
839 633 913 702 reg·
940 603 1068 660 cxxix.

33 749 113 793 num
148 740 342 793 venturum
373 742 447 806 est,
489 723 588 817 quod
624 727 722 800 nullo
756 721 1073 817 uuquamffl

33 837 164 932 poterit
206 838 277 910 fine
315 838 499 910 terminari
589 838 914 936 Appropinquante

35 975 148 1025 autem
175 955 304 1026 eodem
328 954 450 1024 mundi
478 954 646 1039 termino,
675 959 785 1026 multa
806 956 915 1026 immi·

36 1093 142 1158 nent,
173 1094 253 1166 quae
276 1091 356 1142 aute
384 1095 456 1140 non
481 1071 643 1158 fuerunt,
669 1072 835 1144 videlicet
855 1071 917 1140 im·

37 1189 252 1259 mutationes
277 1187 390 1271 ae'ris,
419 1206 640 1281 terroresque
667 1188 711 1258 de
739 1191 851 1272 cralo,
881 1207 916 1259 et

37 1323 157 1374 contra
179 1303 341 1375 ordinem
364 1323 564 1398 temporum
584 1321 825 1398 tempestates,
846 1305 918 1374 bel·

38 1420 83 1504 la,
105 1420 238 1506 fames,
260 1419 486 1516 pestilentiae,
510 1439 726 1493 terraemotus
746 1443 809 1517 per
826 1423 915 1492 loca.
1001 1439 1008 1460 '

41 1533 125 1627 Quae
152 1555 273 1608 tamen
300 1536 515 1608 non‘omnia
539 1539 666 1612 nostris
687 1539 812 1611 diebus
832 1565 918 1609 ven·
984 1563 989 1570 “

42 1668 110 1724 tura
127 1655 231 1739 sunt,
258 1653 318 1724 sed
340 1675 420 1749 post
445 1673 586 1724 nostros
607 1653 681 1724 dies
703 1654 822 1725 omnia
840 1653 919 1725 sub·

44 1773 275 1862 aequentur.“
334 1770 409 1841 lam
435 1789 519 1841 tunc
542 1769 577 1839 in
601 1770 806 1864 Augustulo
827 1768 918 1841 occi·

46 1884 178 1958 dentale
221 1887 371 1958 desierat
407 1885 621 1980 imperium,
657 1887 702 1956 ab
742 1886 917 1972 Alarico,

49 1999 259 2088 Genserico‘,
296 2022 331 2074 et
357 2002 525 2097 deinceps
557 2003 601 2073 ab
632 2004 706 2074 aliis
736 2004 829 2097 saepe
855 2005 944 2074 ob··

46 2139 145 2205 ressa,
168 2139 291 2216 capta,
314 2138 348 2190 et
365 2136 500 2190 vastata
522 2119 661 2202 Roma,
682 2120 811 2213 quibus
835 2096 918 2189 con:

49 2237 228 2308 summario
255 2237 312 2306 illa
339 2234 497 2306 Romani
524 2233 687 2329 imperii,
720 2234 919 2328 Romaque

50 2346 235 2450 Babylonis
260 2351 516 2448 apocalypticae
544 2350 791 2448 perficiebatur
822 2347 922 2422 iuxta

51 2463 107 2538 iarn
130 2490 362 2541 memoratam
386 2467 592 2562 sententiam
614 2469 840 2568 antiquorum
860 2466 925 2536 Pa·

53 2599 154 2674 rrum,
185 2606 220 2656 et
240 2586 390 2682 systema
413 2583 598 2671 Bossueti,
625 2586 845 2681 aliorumque
871 2610 924 2656 re·

56 2689 255 2777 centiorum.

115 2937 155 3010 ln
179 2939 368 3014 novissima
390 2923 547 3036 operum·
563 2938 722 3012 editione
740 2934 923 3022 Bossueti,
939 2948 978 3011 Et
997 2959 1100 3010 caute·

58 3073 151 3146 opera
176 3057 244 3129 PP.
268 3057 300 3127 S.
326 3058 452 3128 Mauri
473 3078 611 3141 curata,
641 3076 724 3150 post
746 3080 924 3127 commen·
959 3033 1066 3154 ‘ms

58 3171 169 3245 tarium
191 3175 228 3245 in
251 3173 485 3269 apocalypsin
508 3175 663 3267 sequitur
684 3171 857 3243 monitum
880 3169 926 3239 ad

59 3277 284 3362 Protestantes
309 3290 353 3360 de
379 3287 577 3385 prophetiis
604 3283 664 3372 a),
691 3295 778 3379 quas
802 3285 926 3358 dicunt

62 3422 122 3475 esse
144 3410 356 3504 completas:
386 3404 446 3477 ubi
475 3405 598 3476 eadem
624 3404 749 3474 iterum
772 3427 817 3472 ex
839 3427 925 3497 apo·

62 3521 181 3618 calypsi
202 3522 388 3596 resumitur
409 3521 554 3595 materia
576 3523 620 3593 de
639 3519 842 3592 antichristo
864 3520 927 3590 im·

63 3634 192 3726 primis,
232 3653 338 3734 quem
369 3640 444 3736 ipse
477 3660 522 3711 ex
558 3639 590 3710 S.
627 3637 833 3730 Augustino
864 3636 926 3707 libd

62 3742 138 3828 XX.
165 3780 197 3827 c.
230 3779 284 3848 19.
306 3755 360 3846 b),
388 3755 586 3852 principem
618 3751 768 3848 aliquem
796 3752 931 3822 haereti·
1022 3804 1025 3809 .

92 3929 122 4002 tl
137 3937 340 3994 Auerta'ssement
352 3953 405 3994 aua·
419 3939 567 3994 Protest'uns
573 3934 623 4000 sm·
636 3903 691 3992 laur
700 3933 820 4008 peltendu
832 3942 931 3993 necant.-

119 4009 261 4074 plr'ssemmt
269 4011 309 4064 des
317 4011 466 4081 Propinas
479 4011 511 4066 Τ.
523 4009 584 4099 Ιῌ.
593 4023 620 4080 p.
632 4023 692 4077 554.
740 4003 770 4076 b)
780 4004 821 4098 Il.
829 4014 856 4072 p.
867 4003 928 4067 637.
