2474 4568
426 333 657 351 ua*

907 321 981 390 213

103 445 259 526 iudaicae
281 444 417 544 gentis,
447 445 517 521 fuis
539 447 645 522 rebus
667 444 814 523 nimium
841 447 981 524 studen·
1008 438 1135 539 ΟΜ,

102 568 217 654 tium,
244 586 280 638 et
299 565 533 663 praerogativa
552 567 613 638 [ua
636 587 777 640 caeteras
800 548 1149 658 nationes,⁰'⁰‘'‘v¹¹¹

101 710 142 759 ac
169 683 333 757 homines
363 683 547 780 proximos
577 683 658 773 snos
689 683 983 781 despicientium,
1059 733 1060 736 =

101 799 386 896 odientiumque.
438 798 638 874 Secundum
663 800 834 874 finistram
859 801 984 899 scriba·

99 944 180 992 tum
212 916 563 1014 interpretationem,
602 941 672 1013 qua
706 916 915 1016 proximum
945 916 985 993 in

99 1036 180 1132 lege
206 1035 320 1107 solum
346 1059 413 1131 pro
442 1033 585 1122 amicis,
613 1035 896 1123 contribulibus,
914 1020 983 1110 ne·
1078 1034 1085 1047 ”

99 1150 257 1226 cessariis
282 1151 351 1223 suis
381 1151 512 1224 habere
538 1151 722 1242 solebant,
758 1148 869 1252 accipi
895 1152 985 1227 solet

96 1266 187 1342 illud
216 1268 353 1341 Nla'tth.
382 1265 429 1340 V.
453 1292 512 1357 43.
538 1277 654 1356 Diliges
670 1282 852 1361 proximum
874 1292 984 1363 turim,

97 1407 129 1459 et
153 1395 227 1456 odio
248 1394 371 1457 nabebis
389 1398 547 1456 inimicum
570 1408 669 1459 tuum.
719 1385 844 1461 Potest
863 1405 987 1460 tamen¹

97 1500 202 1574 etiam
236 1502 281 1573 ad
312 1501 447 1573 literam
485 1500 600 1592 sumi,
633 1503 678 1576 de
706 1502 855 1576 inimicis
885 1503 981 1594 illis,

95 1619 229 1716 quibus
256 1644 402 1717 parcere
433 1644 474 1691 ac
506 1617 660 1692 misereri
687 1620 898 1694 vetabantur
924 1647 984 1697 ve·

94 1735 162 1810 luti
196 1735 341 1833 populis
378 1734 581 1809 Chananeae
608 1733 719 1810 Deut.
744 1735 827 1810 Vll.
860 1763 893 1812 2.
921 1740 981 1811 vel

94 1852 334 1940 Amalecitis,
374 1879 467 1950 quos
501 1854 618 1926 delere
649 1854 874 1928 iubebanturv
893 1852 981 1960 Deo¹

96 1970 202 2043 etiam
224 1969 405 2058 inimicos,
428 1996 520 2069 quos
541 1972 634 2071 saepe
653 1969 818 2062 incessit,
839 1997 880 2046 ac
902 1998 983 2047 exe·

96 2110 215 2193 oratur
236 2088 430 2186 psalmista.

173 2318 325 2394 Novum
356 2344 467 2419 porro
497 2347 538 2396 ac
566 2318 758 2408 eximium,
796 2319 982 2416 singulare·

93 2461 167 2535 que
184 2439 391 2511 mandatum
407 2440 478 2512 hoc
497 2439 614 2512 voluit
631 2466 706 2511 esse
724 2436 887 2512 Christus
904 2439 983 2511 luo·

93 2581 174 2628 tum
202 2555 457 2653 discipulorum
485 2556 596 2630 veluti
629 2576 815 2643 tesseram,
842 2555 878 2627 in
906 2579 982 2653 quo

95 2691 359 2769 cognoscerent
382 2698 527 2762 omnes,
550 2685 627 2766 quia
648 2684 790 2766 discipuli·
812 2654 983 2763 meteriis,
1085 2762 1088 2767 .

94 2788 183 2864 ficut
204 2787 243 2860 in
265 2787 366 2862 Actis
390 2789 453 2863 IV.
482 2790 539 2881 32'.
565 2789 734 2887 legimus:
761 2797 980 2862 Multitudinis
1082 2863 1085 2870 ,

94 2927 203 2977 autem
222 2916 406 2979 credentium
429 2928 495 2983 erat
517 2937 568 2980 cor
591 2936 703 3003 unum,
729 2927 761 2979 et
782 2908 888 2993 oni'nra
906 2933 979 2979 uno.

94 3020 145 3094 Et
165 3019 213 3092 V.
241 3046 316 3095 12.:
344 3033 444 3094 Erant
469 3037 654 3101 unanimiter
679 3051 781 3096 omnes
803 3034 836 3094 in
854 3034 983 3113 porticu

94 3129 278 3211 Salomonis.
343 3139 424 3212 Nec
451 3124 561 3210 statim
586 3139 768 3212 deferbuit
789 3114 986 3231 arctissima¹

94 3255 172 3328 haec
192 3253 393 3327 dilectionis
412 3253 502 3326 inter
521 3253 742 3326 Christianos
762 3251 985 3353 coniunctio,

80 3373 181 3462 ted,
219 3393 263 3467 ut
290 3370 536 3446 Tertullianus
567 3370 605 3445 in
631 3362 874 3468 Apologetico
897 3370 981 3443 'scri-

92 3486 150 3562 bit
179 3485 241 3579 a),
275 3490 483 3577 „eiusmodi
510 3492 569 3564 vel
598 3488 752 3562 maxime
779 3486 980 3561 dilectionis

98 3605 264 3702 operatio
286 3606 392 3680 nobis
414 3628 534 3679 notam
553 3607 661 3680 inurit
678 3605 775 3702 apud
793 3596 984 3700 quosdam}

98 3719 212 3809 Vide,
232 3721 414 3820 inquiunt,
436 3743 476 3795 ut
492 3721 643 3794 invicem
663 3746 700 3793 se
718 3719 865 3817 diligant
885 3719 979 3816 (ipsi

93 3839 192 3912 'enim
214 3839 368 3914 invicem
395 3833 577 3930 oderunt)
606 3859 641 3914 et
659 3856 697 3912 ut
716 3858 783 3937 pro
807 3840 998 3912 alterutro·
1082 3900 1084 3905 .

133 3982 501 4060 ommmu‘
