2474 4568
309 283 355 335 10
629 257 862 328 ξ

155 404 280 472 mv
517 350 821 500 cn'PUT
868 407 977 501 -cot

146 528 569 713 ιΧῼΑΝΙΒΙΤΙΟ
593 605 889 680 FILIORUNI
915 605 1185 683 ZEBEDAEI.

309 783 421 864 Tunc
441 788 594 863 accessit
615 785 661 860 ad
683 810 770 864 eum
791 799 909 862 mater
928 785 1091 865 filiorum
1112 784 1186 865 Ze-

358 903 475 979 bedaei
501 928 588 978 cum
614 902 696 979 filiis
721 902 816 992 suis,
847 904 1028 994 adorans,
1057 920 1096 981 et
1121 929 1186 1003 pe-

358 1034 442 1098 tens
481 1020 620 1120 aliquid
665 1021 710 1095 ab
756 1044 812 1096 eo.
887 1020 966 1125 Qui
996 1023 1092 1098 dixit
1122 1028 1183 1098 ei:

358 1136 464 1240 Quid
489 1127 573 1213 vis?
606 1134 670 1213 Ait
690 1137 767 1213 illi:
802 1135 878 1215 Dic
901 1154 944 1216 ut
967 1138 1115 1216 sedeant
1146 1140 1186 1216 hi

356 1255 433 1332 duo
455 1253 520 1332 filii
540 1258 632 1343 mei,
660 1280 757 1367 unos
778 1256 824 1331 ad
846 1256 1037 1332 dexteram
1057 1270 1185 1364 tuom,

355 1386 394 1448 et
414 1398 509 1449 unus
531 1372 577 1448 ad
601 1371 783 1448 finistram
805 1375 844 1448 in
865 1398 984 1472 regno
1003 1390 1083 1450 tuo.
1112 1372 1187 1452 Re-

354 1490 545 1588 'spondens
568 1502 693 1565 autem
718 1487 850 1579 Jesu8‚
875 1491 987 1571 dnit:
1009 1491 1185 1581 Nescitis,

354 1609 444 1704 qnid
462 1610 610 1704 petatis.
649 1628 652 1633 ·
680 1605 840 1682 Potestis
869 1605 988 1684 bibere
1015 1608 1185 1698 calicem,

244 1708 259 1733 ⁹
354 1748 458 1820 qoem
485 1747 548 1820 ego
577 1721 760 1799 bibiturus
779 1721 902 1821 sum?
944 1719 1092 1800 Dicunt
1121 1728 1183 1803 ei:

355 1835 570 1917 Possumus.
622 1838 687 1916 Ait
715 1839 806 1916 illis:
835 1836 1000 1916 Calicem
1031 1832 1186 1940 quidem

352 1981 482 2033 meum
504 1958 660 2033 bibetis:
686 1955 810 2033 sedere
838 1970 964 2033 autem
989 1957 1035 2034 ad
1056 1956 1215 2056 dexte’-'

236 2098 239 2105 ’
352 2097 433 2150 ram
468 2098 618 2164 meam,
662 2074 721 2150 vel
756 2073 966 2163 finistram,
1011 2099 1091 2151 non
1128 2090 1186 2153 est

291 2243 293 2247 ι
351 2215 481 2267 meum
506 2192 592 2267 dare
616 2191 742 2281 vobis,
769 2190 832 2267 sed
853 2192 989 2290 quibus
1012 2207 1187 2293 paratum

354 2321 453 2390 esta
475 2306 581 2386 Patre
603 2333 701 2386 meo.
747 2307 885 2384 Matth.
912 2296 1091 2387 quzo.
1110 2325 1183 2417 ete.

137 2661 238 2734 volen-
302 2569 452 2735 Apud
476 2639 646 2711 Marcum
666 2637 716 2711 X.
738 2663 794 2725 32.
819 2590 973 2734 perindev
990 2587 1031 2713 ae
1054 2641 1112 2714 hic
1131 2605 1184 2719 hs.

136 2741 290 2860 {¹3¹sser
303 2758 446 2829 storiam
464 2757 557 2826 hanc
577 2755 779 2827 immediate
795 2757 1002 2850 praecedunt
1020 2784 1078 2843 ea,
1101 2785 1183 2857 quae

134 2879 242 2996 tequff
301 2874 413 2946 modo
439 2871 638 2949 audivimus
663 2872 707 2944 de
728 2873 969 2968 praenunciata
991 2901 1011 2944 a
1035 2874 1182 2950 Christo

135 2950 192 2998 cert
230 2952 286 3001 ent.
299 2990 471 3089 apostolis
502 2989 666 3086 passione
698 3008 732 3063 et
761 3012 875 3070 morte
904 2991 984 3061 fua:
1025 2980 1183 3086 sequittir

300 3109 397 3206 apud
421 3130 610 3202 utrumque
634 3106 883 3202 evangelistam
907 3107 1105 3203 indignatio
1130 3097 1183 3182 re-

285 3229 478 3322 .liquorum
513 3227 757 3323 apostolorum
792 3225 837 3296 de
872 3218 1060 3296 ambitioso
1092 3210 1181 3322 peti-

285 3345 397 3422 :tione
421 3343 558 3428 matris,
586 3362 621 3413 et
645 3342 799 3415 filiorum
824 3341 1005 3416 Zebedaei.
1058 3342 1180 3417 Probe

284 3482 415 3535 :autem
466 3458 852 3545 animadvertendum,
907 3460 1200 3534 contentionem

298 3581 541 3676 apostolorum
564 3575 654 3647 inter
674 3601 729 3661 se,
758 3575 835 3671 quis
856 3603 979 3649 eorum
997 3566 1180 3679 videretnr

284 3723 372 3775 ,esse
393 3694 505 3766 maior
528 3694 646 3764 Marc.
672 3692 739 3763 IX.
766 3717 822 3780 31.
850 3693 936 3764 Luc.
962 3693 1027 3765 IX.
1051 3720 1112 3782 44.
1140 3697 1179 3767 st·

283 3792 424 3892 imiliter
452 3812 653 3907 praecedere
685 3810 994 3882 denunciationem
1027 3839 1176 3902 eorum,

294 3958 374 4029 quie
409 3955 574 4028 passurus
611 3947 711 4005 esset.
779 3926 830 4000 At
863 3927 914 4004 illi
949 3956 1024 4004 non
1049 3932 1176 4004 ⁴solum
