2474 4568
605 252 606 255 Ἰ
715 250 717 254 ,
905 203 919 247 ‘t

157 333 160 338 Ι
236 285 333 371 ,316
558 269 812 344 Ψ

56 439 68 447 ”
95 415 235 481 “cfflff
258 414 324 505 ces
342 451 376 503 et
401 433 550 502 laternas
580 431 699 502 lumen
720 421 867 514 ver'u'm,
888 416 1053 501 ¹tenebris
1068 417 1135 502 'oo

134 538 215 594 CLX·
260 571 388 622 caecata
414 550 606 632 luis,.non
633 567 812 631 cerneret;
840 543 1024 617 Dominus
1041 603 1051 633 ,
1066 531 1132 644 ·qiri

77 654 462 760 'Wexspectare
495 663 614 759 potius
645 664 791 749 turbas,
821 686 925 756 quam
958 662 1130 735 declinare

242 782 452 877 delegerat,
476 782 561 852 ficut
576 775 730 850 loannes
749 778 968 889 evangelista
979 797 1128 865 testatur,

239 926 363 996 ·quem
389 898 565 994 quaerant,
593 893 745 968 necdum
772 885 960 982 inventus,
988 894 1128 968 interro·

188 1046 193 1058 ¹
245 1037 336 1112 gat,
365 1015 501 1113 illisque
527 1013 746 1098 dicentibus,
772 1001 872 1108 iruod
894 1012 1016 1084 lesum
1044 1037 1128 1115 quae·

243 1154 395 1204 retent:
439 1141 498 1218 Ego
513 1140 612 1221 firm,
640 1128 775 1224 inquit,
801 1129 899 1224 quod
923 1129 1081 1206 verbum
1100 1130 1131 1202 il·

256 1252 327 1320 lam
358 1271 499 1319 manum
530 1247 578 1318 ita
608 1273 654 1318 ex
683 1244 908 1318 ferocissimis
945 1272 1131 1343 congrega·

256 1385 352 1450 tam,
387 1365 485 1458 quasi
512 1364 669 1458 quodam
700 1363 870 1434 fulmineo
897 1361 968 1434 ictu
993 1364 1128 1450 stravit,

256 1503 363 1577 atque
385 1479 549 1576 perculit,
574 1499 612 1550 ut
633 1505 757 1551 omues
779 1481 826 1551 illi
850 1501 1004 1567 atroces,
1029 1481 1131 1554 mina·
1167 1463 1169 1487 ³

256 1625 336 1684 ces,
355 1619 476 1692 atque
504 1596 696 1682 terribiles,
731 1595 893 1668 retroacti
917 1618 1128 1671 corruerent.

210 1722 212 1729 '
256 1715 328 1787 Ubi
351 1716 415 1785 luit
437 1713 574 1785 saevitiae
596 1714 838 1810 conspiratio?
866 1713 926 1792 ubi
950 1716 1058 1786 ardor
1077 1717 1132 1787 ira·
1167 1750 1169 1803 3

253 1833 364 1915 rum?
401 1830 460 1902 ubi
492 1830 679 1901 instructus
706 1831 914 1902 armorum?
952 1829 1130 1903 Dominus
1166 1851 1169 1940 p

252 1949 359 2021 dicit:
380 1957 461 2032 'Ego
482 1953 582 2034 firm:
619 1965 654 2018 et
688 1947 733 2017 ad
767 1973 892 2018 vocem
927 1947 1001 2019 eius
1032 1950 1132 2019 turba
1167 1949 1169 1965 ²

251 2061 488 2163 prosternitur·
517 2062 717 2160 impiorum.
778 2063 876 2155 Quid
910 2063 976 2134 iam
1005 2055 1132 2160 poterit

252 2181 413 2254 maiestas
445 2181 518 2277 eius
548 2178 762 2265 iudicatur-a,
797 2180 895 2252 cuius
922 2181 992 2251 hoc
1020 2164 1132 2275 potuit

251 2298 429 2371 humilitas
460 2283 683 2367 iudicanda?
721 2296 975 2368 Verumtamen
1006 2297 1131 2367 Domi·

254 2443 322 2487 nus
349 2415 484 2498 sciens,
520 2412 604 2507 quid
635 2413 742 2507 magis
775 2416 943 2508 mysterio
967 2417 1130 2510 suscepto

252 2530 484 2615 conveniret,
513 2528 548 2598 in
573 2521 834 2627 haopotestate
862 2560 934 2602 non
958 2535 1129 2629 perstitit,

250 2649 312 2719 sed
335 2667 574 2743 persecutores
593 2648 673 2717 suos
693 2647 727 2716 iu
748 2648 947 2719 facultatem
971 2649 1130 2747 dispositi

251 2763 388 2836 sceleris
412 2761 524 2837 redire
545 2763 709 2857 permisit.
763 2764 853 2834 Nam
877 2767 1036 2838 siteneri
1059 2771 1128 2838 nol·

250 2884 319 2970 let,
348 2906 420 2950 uon
440 2878 560 2974 utique
586 2899 770 2952 teneretur.
824 2880 891 2950 Sed
915 2884 993 2976 quis
1021 2883 1126 2955 homi·

170 2986 182 2996 ’
250 3022 335 3066 num
363 3002 481 3092 posset
505 2996 649 3082 salvari,
680 2997 706 3068 si
731 2999 787 3069 ille
816 3021 887 3070 non
918 3000 1065 3087 smeret,
1093 3026 1123 3071 se

251 3112 537 3209 comprehendi?
572 3112 665 3184 Nam
693 3134 726 3186 et
752 3117 871 3187 beatus
896 3116 1040 3202 Petrus,
1068 3114 1122 3211 qui

250 3229 465 3301 animosiore
495 3221 689 3303 constantia
715 3232 877 3304 Domino
906 3234 1119 3316 conterebat,

249 3365 284 3420 et
305 3366 428 3416 contra
445 3347 681 3419 violentorum
704 3351 852 3443 impetus
874 3342 1015 3421 sertore
1034 3352 1118 3421 sanc·
1166 3326 1169 3338 ⁴

96 3506 100 3515 ·
154 3472 158 3479 '
244 3481 298 3532 tae·
315 3459 488 3532 charitatis
514 3484 706 3557 exarserat,
735 3464 768 3533 iu
793 3467 929 3537 serarum
959 3465 1116 3561 principis

243 3569 464 3654 sacerdotum
491 3603 574 3650 usus
599 3600 650 3649 est
674 3580 792 3674 gladio
808 3600 831 3666 ‚'
854 3607 889 3653 et
915 3609 1035 3654 aure-m
1057 3578 1113 3653 viri

240 3696 393 3767 ferocius
417 3694 575 3766 instantis
600 3696 760 3774 abscidit.
801 3699 869 3770 Sed
895 3701 991 3771 lrunc
1013 3703 1115 3770 zelan·

240 3813 282 3883 tis
302 3814 453 3909 apostoli
475 3813 572 3908 pium
593 3840 726 3885 motum
751 3817 914 3911 progredi
938 3815 1112 3887 Dominus

238 3933 328 4002 ultra
345 3954 416 4003 uon
432 3930 576 4024 patitur,
592 3925 736 4004 recondi
750 3932 1034 4026 gladiumiubet,
1055 3954 1111 4022 uec
1167 3963 1169 3975 ·
