2638 4694
263 280 270 296 ‘
375 307 423 376 28
701 285 932 347 Ξ

233 439 350 507 CAPUT
375 457 418 518 od
421 453 635 537 spectaculum
647 454 765 531 istud,
791 464 822 516 et
842 451 1009 530 uidebant,
1035 468 1100 534 que
1115 441 1275 540 fiebant5'4

237 562 340 626 exul·
366 575 571 656 percutientes
591 583 720 652 pectora
733 569 801 649 sua
827 569 1056 632 revertebantur
1077 556 1138 648 n),
1166 543 1276 632 dumi

221 681 365 750 &W
372 701 480 779 petrae
499 679 635 766 scissae,·
651 696 883 774 monumenta
902 695 1024 773 aperta
1044 675 1141 764 sunt,
1162 697 1266 750 terra

373 796 600 871 contremuit.
667 794 762 866 Ven.
794 793 894 865 Beda
917 794 976 866 hic
1008 792 1110 865 etiam
1145 813 1279 866 notosl

372 916 447 988 eius
460 941 479 984 a
494 918 601 1008 longe
616 912 742 984 stantes
755 909 909 982 inducit:
930 909 1029 996 „His
1044 910 1261 998 tacentibus,
1279 924 1280 956 l

370 1032 489 1105 scribit
515 1027 573 1120 b),
605 1029 740 1124 lapides
759 1047 794 1100 et
809 1015 891 1100 sexa
907 1053 1046 1122 regem,
1075 1028 1136 1123 qui
1153 1027 1263 1102 venit

369 1148 408 1220 in
437 1148 583 1220 nomine
611 1145 783 1230 Domini,
803 1170 948 1240 magno
971 1149 1126 1218 clamore
1147 1169 1257 1217 cane·
1281 1184 1283 1230 4

370 1265 470 1336 bant.
531 1262 657 1336 Emisit
687 1261 779 1334 enim
805 1262 986 1358 spiritum,
1022 1283 1053 1334 et
1079 1289 1144 1334 ecce
1168 1255 1284 1333 terrai

369 1403 458 1460 mota
483 1403 552 1467 est,
589 1403 622 1452 et
638 1402 732 1470 petra
746 1388 849 1470 scissa
863 1388 965 1468 sunt,
1001 1401 1032 1451 et
1057 1399 1286 1486 monumento⁴

369 1520 480 1588 operta
492 1505 595 1584 sant.-
621 1521 799 1591 quemque
825 1496 989 1569 homines
1016 1498 1075 1568 vel
1103 1495 1257 1584 timore,
1286 1528 1287 1550 r

368 1618 428 1688 vel
451 1613 598 1710 perfidia
619 1612 782 1686 confiteri
803 1614 1001 1710 trepidant,
1024 1613 1119 1685 hunc
1142 1610 1259 1683 duris·
1287 1614 1288 1632 ¹

292 1747 302 1766 “
368 1730 455 1806 sima
478 1730 581 1803 etiam
603 1733 777 1801 elementa
796 1728 918 1804 Deum
941 1728 1085 1814 mundi,
1113 1754 1153 1800 ac
1173 1727 1258 1800 Do·

368 1848 505 1920 minum
535 1866 658 1943 aperto
686 1871 749 1917 ore
774 1847 999 1942 praedicant„
1043 1845 1179 1918 Verum
1206 1848 1256 1916 al-

367 1963 453 2038 tiori
479 1963 647 2060 mysterio
673 1960 832 2058 gentium
859 1963 1021 2035 nationes
1048 1962 1254 2036 incredulas

366 2081 583 2177 aliquando,
621 2105 662 2152 ac
684 2080 890 2153 duricordes
915 2071 1073 2177 lapidum
1104 2079 1254 2152 nomine

367 2198 608 2285 demonstrat,
645 2196 777 2292 quibus
810 2198 930 2270 ablato
963 2197 1073 2270 corde
1105 2195 1253 2292 lapideo

367 2314 469 2386 dedit
497 2341 560 2388 cor
591 2339 779 2387 carneum:
816 2315 887 2386 hoc
914 2332 967 2386 est
991 2312 1175 2399 sensibile,
1216 2331 1254 2386 et

367 2429 583 2518 humanum,
600 2456 674 2525 quo
693 2428 837 2517 Deum,
861 2449 1130 2526 creatoremque
1147 2431 1253 2502 suurn

367 2548 529 2634 credere,
556 2547 718 2634 laudare,
747 2566 781 2619 et
805 2572 950 2620 cernere
973 2566 1129 2644 possent.
1170 2546 1253 2628 Etsi

368 2688 455 2758 ergo
475 2663 586 2736 turbae
607 2661 780 2735 tacuerint
795 2662 1000 2751 hominum,
1027 2663 1162 2761 lapides
1183 2667 1253 2736 cla·

365 2780 530 2851 mabunt:
554 2792 629 2870 quio
646 2790 763 2856 cecitas
779 2784 819 2851 err
829 2802 925 2869 porte
942 2793 1071 2866 contigit
1087 2792 1120 2851 in
1140 2791 1250 2868 Israel,

364 2907 456 2966 donec
480 2905 642 2984 plenitudo
663 2907 802 2980 gentium
832 2907 989 2983 intraret,
1022 2918 1053 2969 et
1073 2901 1120 2982 stc
1150 2910 1250 2969 omnis

364 3019 585 3098 lsraelsolous
604 3019 705 3097 fieret.
721 3013 744 3048 “
815 3011 956 3086 Referri
983 3014 1099 3085 solent
1125 3013 1261 3086 ultima'

363 3126 611 3222 haecnp'ostoli
630 3129 675 3200 ad
694 3128 884 3202 Romanos
894 3130 1011 3206 ,verba
1028 3131 1072 3202 ad
1091 3131 1248 3203 futuram

362 3243 555 3339 aliquando
578 3245 1089 3323 Judaeorurnoonnersionem.
1140 3247 1248 3320 Chri·

363 3380 437 3432 stus
476 3381 558 3456 post
595 3363 842 3459 triumphalem
884 3365 982 3438 urbis
1018 3364 1243 3460 ingressum,

361 3483 551 3574 postquem
570 3479 698 3552 Judaeis
716 3479 851 3552 ruinam
870 3481 1005 3554 Matth.
1020 3481 1166 3554 XXIII.
1181 3492 1240 3568 38.

360 3594 523 3690 praedixit
550 3596 625 3687 (ad
649 3622 755 3692 quam
778 3598 959 3694 pertinent
984 3597 1119 3694 reliqua
1145 3593 1244 3668 dein·

359 3737 445 3807 ceps
464 3711 556 3785 dicta
573 3713 709 3786 Matth.
727 3715 870 3788 XXIV.
890 3735 924 3788 et
941 3713 1067 3786 XXV.
1087 3714 1243 3787 maxime

360 3850 477 3940 autem
497 3830 541 3900 ad
560 3829 694 3903 ruinam
710 3833 805 3904 orbis
820 3834 879 3905 seu
895 3831 1241 3906 consummationem

394 3939 677 4046 n'onxrrrrrn.
722 3975 790 4048 nr.
805 3978 1042 4036 nrnrnprrx.
1055 3979 1087 4033 r.
1101 3978 1244 4046 upton
