2474 4568
928 304 975 379 95

90 437 276 507 -duntaxat
298 431 479 529 imperium
503 432 665 504 obtinuit.
718 433 867 507 Rectius
891 462 976 532 ergo
1005 430 1120 495 ΒΑΜ

94 553 127 622 id
158 553 331 623 referatur
357 551 401 620 ad
429 550 663 642 Christum;“
690 551 751 644 qai
779 553 823 621 de
846 554 910 623 hac
938 580 974 624 re
1004 553 1129 610 CXXVI·

95 673 257 753 locutus,
283 667 390 737 nostri
413 667 534 750 etiam,
554 689 600 753 urx
612 687 736 762 postea
756 666 976 756 videbimus,
991 673 1133 726 “V“

96 811 201 858 cansa
241 783 355 854 noluit
382 783 558 853 dedocere
591 787 790 878 apostolos,
829 785 976 856 confun-

98 903 223 972 dentes
256 876 445 994 utrumqne
479 898 655 970 excidium
688 900 781 970 urbis
817 921 851 971 et
881 902 976 973 orbis

99 1021 153 1090 lea
180 1015 498 1089 consummationis
520 1017 644 1099 leculi;
669 1016 766 1087 cuins
785 1016 842 1087 illa
865 1018 978 1113 figura

98 1147 190 1219 erat',
219 1155 325 1227 atque
352 1133 443 1202 adeo
469 1134 578 1201 multa
607 1131 786 1202 debebant
812 1159 885 1206 esse
910 1160 980 1206 am·

99 1251 217 1322 bobus
248 1251 470 1333 communia,
505 1266 544 1318 ut
569 1268 689 1328 tamen,
713 1249 853 1344 utrique
876 1251 980 1323 etiam

102 1387 217 1438 essent
252 1368 313 1436 lua
351 1366 577 1460 plaenomena
613 1365 805 1458 singularia.
885 1368 981 1441 Cum

104 1483 266 1554 Christus
293 1482 494 1578 praedixerit
521 1458 616 1576 aptid
645 1481 776 1577 Lucam
802 1509 876 1553 non
903 1486 979 1556 lore

102 1599 378 1694 relinquendum
410 1598 568 1694 lapidem.
594 1599 698 1692 luper
724 1599 898 1693 lapidem,
934 1603 979 1673 de

104 1719 237 1813 templo
273 1717 433 1786 sermone
463 1715 507 1785 ab
541 1717 713 1808 apostolis
743 1715 896 1803 iniecto,
931 1745 981 1789 re-

102 1832 250 1928 spondit
279 1829 341 1919 a):
387 1843 457 1901 Cum
489 1853 592 1901 aurern
615 1842 768 1902 -ar'drritis
800 1844 984 1905 circumdari

1207 757 1218 792 Ι

105 1961 140 2020 ab
161 1962 299 2021 exercitu
321 1956 508 2032 Jerusalem,
537 1970 608 2018 tunc
618 1956 754 2035 stature,
777 1961 852 2039 quia
874 1978 984 2041 appro-

99 2079 273 2158 pinquavit
292 2076 438 2137 desolatio
457 2078 521 2135 eius
541 2084 605 2134 ete.
626 2065 799 2157 usquead
816 2091 905 2137 vers.
924 2093 942 2135 2
949 2088 980 2153 5.

104 2193 144 2252 Et
168 2206 259 2254 erunt
272 2189 363 2268 figna
388 2195 420 2252 in
436 2190 505 2268 sole
530 2203 560 2250 et
582 2190 655 2248 luna
679 2201 734 2252 etc.
760 2204 839 2273 quae
864 2183 907 2250 ad
936 2185 983 2253 le-

105 2300 263 2370 cundum
292 2301 483 2369 adventum
511 2295 705 2392 pertinent,
735 2315 843 2389 prout
869 2299 985 2369 adhuc

96 2416 258 2512 'apertius
287 2416 437 2487 habetur
464 2415 600 2485 IVlatth.
631 2438 687 2498 24.
712 2434 776 2483 etc.
806 2433 840 2484 et
863 2413 986 2487 Marci
1080 2407 1082 2410 ⁵

107 2534 209 2604 XIII.
240 2558 298 2619 24.
328 2553 391 2603 etc.
425 2542 481 2600 Sol
503 2542 733 2613 obscurabitur,
771 2551 802 2613 et
829 2540 902 2600 luna
928 2542 1012 2602 nou‘

101 2661 195 2721 dabit
216 2657 446 2735 lumenfiuun,
471 2671 501 2719 et
517 2655 609 2733 stella
641 2657 749 2716 caelent
775 2656 810 2718 de
835 2657 929 2719 culo:
957 2663 990 2719 εἰ

98 2781 241 2837 uirtutes
264 2775 403 2834 calorum
424 2774 699 2837 commoveluurrur.
740 2773 781 2834 Et
801 2786 872 2834 tuuc
892 2793 989 2854 appa-

109 2893 186 2954 rebit
199 2883 323 2966 fignum
344 2889 415 2950 Filii
438 2891 567 2951 hominis
587 2894 619 2951 in
643 2893 735 2950 calo:
763 2903 793 2952 tt
812 2904 882 2950 tuac
897 2892 989 2971 plau·

111 3021 180 3084 grat
199 3027 302 3069 omnes
323 3008 419 3068 tribus
441 3019 548 3068 terra:
576 3019 607 3068 et
630 3009 777 3068 uldelurnt
802 3008 914 3069 Filium
935 3011 989 3070 ho-

111 3127 200 3186 minis
215 3127 384 3186 venientem
402 3127 433 3183 iu
451 3123 577 3184 nubibus
596 3125 659 3183 cali
673 3143 739 3184 curn
756 3127 874 3186 virture
890 3100 990 3187 multa

113 3245 328 3331 etnruar'estatr
349 3253 404 3301 erc.
426 3231 726 3324 quemadmodum
751 3231 911 3301 Christus
932 3233 989 3303 ali-

111 3349 150 3419 bi
185 3349 377 3422 adventum
415 3347 515 3418 suam
559 3347 752 3418 secundum
794 3347 989 3444 descripsit.

115 3463 177 3535 De
192 3485 351 3559 ,utraque
375 3485 489 3536 autem
512 3463 731 3535 desolatione
754 3469 935 3560 apostolos
952 3455 992 3540 ‘et

52 3600 54 3617 '
116 3608 185 3654 nos
216 3581 313 3652 simul
341 3581 613 3677 circumspectos
640 3581 777 3665 reddit,
814 3608 858 3651 ne
890 3582 992 3654 fimus

119 3697 241 3797 incurii
262 3721 321 3769 aut
345 3699 445 3769 nimis
465 3700 597 3773 creduli
619 3699 651 3768 in
677 3699 733 3781 iis,
757 3722 834 3792 quae
855 3699 993 3794 utrique

123 3815 333 3887 desolationi
358 3814 686 3889 eruntcomnrunia
709 3811 767 3903 lr):
799 3827 870 3886 Cum
890 3837 993 3887 autem
1085 3891 1088 3898 ,

152 3959 186 4030 a)
204 3963 267 4019 Luc.
288 3965 372 4020 XXI.
393 3981 435 4021 20.
521 3960 550 4033 b)
570 3964 610 4020 II.
632 3964 716 4020 XXI.
735 3979 761 4030 9·
848 4006 851 4010 -
