2474 4568
308 281 356 378 3¹6
619 273 861 333 ’Ξ

163 424 280 490 ΟΜΝ
306 427 540 533 Pontificibus
565 446 804 516 recesserunt,
829 449 870 504 ut
891 429 1008 528 figura
1035 432 1073 506 in
1098 432 1190 510 veri·

178 547 261 601 CXV·
308 565 433 634 tatem,
452 548 640 645 prophetia
657 546 694 617 in
714 546 1051 657 manifestatinnem,
1074 558 1108 624 et
1126 557 1189 625 lex

100 739 120 768 ,ι
144 659 343 737 *Win
378 665 614 760 Evangelium
646 684 852 737 verteretur.
916 667 1075 740 Traxisti
1108 668 1189 743 Do·

303 781 399 853 mine
422 781 541 855 omnia
564 781 609 852 ad
636 798 689 867 te,
716 800 757 853 ut
778 762 937 876 quodin
958 810 1033 857 uno
1057 785 1188 859 Iudaeae

304 903 440 995 templo
464 896 683 971 obumbratis
708 894 1021 993 fignificationibus
1044 902 1188 998 tegebass

303 1030 380 1102 tur,
407 1019 515 1113 pleno
540 1033 736 1112 apertoque
763 1016 981 1090 [aeramento
1009 1017 1188 1092 universa·

293 1132 383 1207 'rum
420 1132 552 1228 ubique
583 1132 766 1205 nationum
799 1130 946 1206 devotio
978 1134 1183 1210 celebraret.

290 1249 417 1324 Nunc
436 1250 564 1322 etenim
584 1269 620 1321 et
645 1248 738 1321 ordo
761 1247 890 1322 clarior
917 1250 1136 1340 levitarum,¹
1151 1273 1186 1326 et

305 1367 459 1462 dignitas
483 1365 631 1461 amplior
649 1364 849 1453 seniorum,
885 1386 920 1439 et
941 1368 1107 1440 sacratior
1136 1389 1192 1444 est

305 1484 429 1557 unctio
452 1468 692 1555 sacerdotum:
721 1481 803 1578 quia
826 1508 914 1558 crux
944 1504 1005 1556 tua
1025 1484 1185 1559 omnium

305 1601 387 1676 fons
407 1598 716 1685 benedictionum,
736 1597 897 1672 omnium
919 1621 972 1673 est
990 1627 1095 1673 causa
1113 1627 1187 1698 gra·

306 1718 456 1803 tiarum;
482 1743 547 1814 per
573 1742 677 1813 quam
697 1717 922 1789 credentibus
949 1717 1053 1789 datur
1072 1719 1186 1792 virtus

305 1836 352 1908 de
381 1834 601 1919 infirmitate,
638 1833 751 1928 gloria
780 1833 826 1905 de
855 1833 1077 1931 opprobrio,
1113 1835 1187 1909 vita

306 1953 353 2025 de
374 1973 498 2024 morte.
539 1952 649 2023 Nunc
670 1949 775 2023 etiarn
795 1950 984 2025 carnalium
1004 1950 1188 2026 sacrificio·

304 2068 578 2142 rumvarietatc
605 2087 788 2155 cessante,
815 2093 940 2141 omnes
972 2066 1186 2143 differentias

304 2185 521 2285 hostiarum,
555 2210 628 2257 una
661 2183 824 2281 corporis
859 2204 895 2256 et
925 2182 1104 2280 sanguinis
1136 2184 1188 2259 tui

154 2336 158 2352 ¹
200 2297 202 2301 Α
304 2282 432 2400 implet
447 2301 601 2375 oblatio:
624 2303 794 2398 quoniam
813 2317 851 2374 tu
873 2327 910 2374 es
927 2327 1035 2374 verus
1056 2301 1188 2398 Agnus

302 2420 403 2507 Dei,
438 2420 499 2515 qui
530 2418 623 2509 tollis
653 2415 809 2517 peccata
827 2418 975 2504 mundi,
1012 2436 1047 2491 et
1076 2419 1124 2492 ita
1150 2419 1187 2491 in

297 2558 341 2612 'te
359 2536 523 2610 universa
542 2535 680 2632 perficis
700 2534 883 2633 mysteria,
907 2534 1056 2608 ut'srcut
1075 2561 1187 2608 unum

304 2677 358 2728 est
381 2681 449 2751 pro
473 2652 572 2725 omni
590 2638 733 2724 victima
755 2650 981 2736 sacrificium,
1008 2649 1056 2723 ita
1075 2677 1186 2726 unum

304 2772 352 2843 de
375 2771 474 2841 omni
495 2784 602 2864 gente
627 2767 665 2839 srt
689 2771 881 2863 regnum.“
931 2766 1063 2840 Versat
1090 2767 1187 2841 dein·

304 2914 391 2985 ceps
412 2887 501 2958 illud
522 2885 619 2958 Osee
638 2884 740 2956 XIII.
771 2894 916 2970 Omors,
938 2912 988 2954 ero
1006 2912 1089 2956 mors
1108 2907 1185 2972 tua,

304 3029 336 3080 et
353 3034 403 3076 ero
418 3030 537 3076 morsus
550 3019 623 3074 tuus
638 2984 774 3092 inferne!
800 3002 848 3074 Et
865 3001 892 3073 Ι.
913 3001 999 3074 Cor.
1018 3001 1105 3075 XV.
1127 3027 1185 3078 21.

302 3148 379 3220 quo
398 3125 482 3194 loco
502 3140 537 3192 et
556 3119 640 3192 alibi
659 3123 845 3218 apostolus
865 3118 1045 3193 Adamum
1066 3120 1187 3194 secun·

302 3241 390 3312 dum
415 3238 571 3353 oppcnit
597 3238 713 3346 primo
741 3249 888 3330 quoniam
910 3246 1040 3349 quidem·
1051 3246 1112 3327 per
1134 3247 1187 3309 lto·

301 3371 413 3429 minem
442 3386 544 3443 mors,
580 3377 611 3428 et
634 3383 694 3447 per
722 3366 873 3426 hominem
897 3366 1077 3425 resurrectio
1107 3383 1187 3426 mor·

303 3495 437 3546 tuorum.
490 3482 549 3543 ,Et
565 3475 650 3557 stent
672 3485 707 3543 in
733 3480 836 3542 Adam
858 3499 960 3544 omnes
987 3482 1187 3561 moriuntur,

300 3604 405 3664 itaet
429 3604 462 3661 in
488 3585 616 3661 Olzrr'rte*
629 3615 730 3660 omnes
752 3595 1006 3674 vivificabuntur.
1065 3587 1115 3661 Et
1141 3586 1186 3660 ad

303 3709 384 3781 Gal.
401 3708 469 3785 III.
498 3731 552 3794 13.
583 3715 720 3777 caristus
741 3722 800 3776 nor
818 3714 945 3777 redemit
966 3714 1003 3775 de
1022 3713 1187 3776 maledr‘etu

222 3828 224 3833 ’
301 3824 393 3912 legis,
416 3833 528 3913 fuctus
548 3853 610 3913 pro
636 3832 720 3894 nobis
745 3833 964 3894 maledictum:
989 3832 1067 3912 quia
1084 3810 1186 3912 ‘scrip

300 3963 368 4019 tum
389 3964 456 4016 est:
482 3949 672 4018 Maledictus
692 3951 807 4028 omnir,
834 3949 889 4032 qui
905 3948 1020 4033 pendet
1038 3947 1184 4027 ealigne.
