2474 4568
419 275 656 328 mm...-

901 301 972 376 ι59

104 447 136 503 ut
153 427 264 524 paulo
287 442 370 496 ante
394 451 439 497 ex
462 425 517 498 SS.
541 426 776 522 scripturiret
799 432 974 505 constanti
996 425 1115 491 ΟΜΝ

74 545 145 617 -SS.
168 542 240 615 ΡΡ.
269 541 457 614 traditione
483 542 657 641 vidimus:
695 595 717 630 ‚‚
729 545 845 637 Quia,
873 568 913 620 ut
938 548 970 621 S,
998 548 1113 607 cxxx,

98 659 290 756 Gregorius
321 658 529 752 NLFpaulo
562 681 643 730 ante
678 664 821 733 allatum
854 667 1133 736 locumvw.

95 804 136 851 ex
166 777 320 873 epistola
351 775 396 846 ad
429 776 653 848 Edilbertum
681 775 822 872 Angliae
853 805 974 876 regem
1048 796 1079 816 '¹

95 894 276 971 concludit
307 889 369 980 a),
408 892 540 963 idcirco
577 894 652 964 hacc
688 893 784 989 signa
821 895 867 967 de
900 896 974 968 line

92 1013 202 1085 iaeculi
231 1011 506 1106 praemittuntur,
545 1029 584 1081 ut
612 1009 656 1081 de
694 1011 878 1084 animabus
909 1039 976 1084 no·

93 1127 166 1201 stris
188 1128 380 1198 debeamus
403 1151 479 1198 esse
497 1126 649 1212 solliciti,
676 1127 721 1198 de
744 1130 865 1200 mortis
884 1129 974 1201 hora

60 1230 264 1371 {suspectu
303 1262 337 1315 et
366 1263 521 1314 venturo
553 1242 662 1315 iudici
701 1244 737 1315 in
775 1244 879 1317 bonis
918 1271 975 1318 ac·

60 1362 182 1451 {tibus
220 1359 441 1431 inveniamur
482 1385 557 1430 esse
597 1362 719 1456 parati.
748 1365 771 1401 “
872 1356 974 1434 Con?

60 1458 63 1465 Ι
94 1477 214 1551 sultius
239 1477 401 1570 adeoque
428 1496 502 1562 est,
529 1497 569 1547 ut
597 1478 689 1548 diem
717 1474 812 1550 illam
843 1477 974 1550 nescia·-

60 1576 64 1581 Ι
94 1622 192 1680 mus,
227 1617 306 1688 quae
334 1593 379 1664 ab
410 1593 489 1688 ipso
519 1595 692 1666 salvatore
722 1595 804 1666 alibi
840 1595 971 1695 dicitur

60 1794 62 1799 ,
94 1734 241 1787 uentura
270 1709 368 1781 sicuti
393 1711 469 1794 iur3
511 1712 572 1782 led
601 1710 763 1783 subiectae
794 1712 971 1806 parabolae

97 1830 138 1901 de
167 1829 293 1900 decem
321 1826 518 1921 virginibus
555 1847 590 1898 et
620 1829 665 1900 de
696 1828 971 1923 patrefamilias,

60 2000 63 2015 .
98 1928 220 2017 talenta
244 1944 350 2015 fervis
372 1942 624 2029 distribuente,
653 1947 885 2039 quaestionem
908 1948 975 2018 iol·

60 2052 64 2153 ξ
100 2082 202 2147 vnnt,
228 2060 407 2158 praemissa
430 2061 540 2133 veluti
565 2063 655 2131 clavi
681 2062 717 2131 in
743 2062 808 2132 illis
829 2062 970 2133 verbis:

60 2162 63 2169 Ι
100 2166 168 2271 ,Quis
189 2185 292 2269 mutor
321 2201 365 2249 est
385 2186 485 2263 fidelis
501 2186 618 2266 servus
643 2201 674 2250 et
691 2190 851 2269 prudens,
879 2207 974 2268 ‘quem

100 2308 252 2367 constituit
278 2304 416 2364 domiuus
428 2302 526 2383 stipor
540 2303 731 2384 familiam?
768 2295 876 2384 Certe
899 2319 975 2365 non

100 2413 249 2483 otiosum
273 2413 367 2495 vult,
390 2410 607 2508 patiturque,
634 2439 707 2483 non
736 2412 974 2499 desidiosum,
1057 2488 1061 2497 ,

101 2556 168 2601 non
198 2530 485 2616 somnolentum,
526 2552 586 2601 aut
602 2530 850 2601 dormientem
866 2586 876 2614 ,
914 2547 976 2601 aut

100 2645 270 2719 eiusmodi
295 2644 398 2716 etiam
426 2671 631 2741 perversum
658 2650 789 2717 malum
817 2648 974 2732 servum,

60 2768 66 2863 l
97 2777 146 2855 qui
167 2775 284 2835 dixerit
308 2777 340 2833 in
361 2774 448 2833 corde
462 2772 525 2850 fito
546 2761 603 2852 bl:
630 2771 756 2833 Moram
770 2772 859 2851 facit
880 2774 977 2834 domi·

97 2908 148 2951 rtur
171 2909 257 2952 meus
281 2893 408 2951 venire:
443 2902 473 2951 et
498 2895 620 2970 caperit
635 2902 796 2970 percutere
819 2908 979 2951 conservos

60 2978 183 3084 istros,
221 3008 383 3066 manducet
410 3019 537 3080 nutem,
577 3019 608 3067 et
631 3006 717 3066 bibat
742 3025 810 3066 cum
842 3006 977 3067 ebriosis.

93 3114 306 3208 Eodemque
329 3112 363 3182 in
388 3131 598 3208 argumento
623 3113 719 3207 apud
747 3113 879 3182 Lucam
905 3138 980 3180 mo·

93 3250 152 3303 net
182 3232 335 3302 salvator
362 3224 418 3317 c):
457 3223 618 3298 Attendite
650 3251 754 3297 autem
786 3237 901 3311 uobis,
942 3254 996 3298 ne-

86 3356 173 3435 sorte
187 3368 360 3430 graventur
381 3356 473 3416 corda
493 3368 600 3416 vestro
618 3356 651 3414 in
670 3354 817 3434 crapula,
841 3364 872 3426 et
888 3354 981 3416 ebrie·

84 3485 177 3549 tate,
202 3485 233 3534 et
261 3476 342 3533 curis
365 3472 456 3532 liuius
478 3475 571 3532 vite:
599 3483 629 3532 et
643 3469 850 3550 fitperveniat
870 3474 901 3532 in
923 3489 981 3534 uos

92 3592 253 3671 repentina
279 3589 342 3649 dits
363 3589 436 3648 illo:
463 3600 613 3669 tunquam
634 3589 762 3669 laqueus
784 3592 861 3648 enim
870 3586 983 3668 finier-

125 3757 157 3833 α)
180 3764 216 3824 T.
237 3761 281 3817 II.
303 3775 358 3830 opp.
377 3764 493 3831 p.1166.
561 3756 591 3828 b)
610 3760 713 3811 lllattl.
736 3759 849 3815 XXIV.
868 3770 912 3827 48.
933 3769 982 3816 ere.

159 3829 193 3898 c)
212 3833 276 3888 Luc.
298 3831 382 3888 XXI.
402 3843 446 3898 34.
467 3840 515 3885 etc.
535 3840 561 3883 rt
581 3829 681 3894 XVII.
702 3833 746 3883 26.
