<?xml version="1.0" encoding="UTF-8"?>
<!DOCTYPE html PUBLIC "-//W3C//DTD XHTML 1.0 Transitional//EN"
    "http://www.w3.org/TR/xhtml1/DTD/xhtml1-transitional.dtd">
<html xmlns="http://www.w3.org/1999/xhtml" xml:lang="en" lang="en">
 <head>
  <title>
</title>
<meta http-equiv="Content-Type" content="text/html;charset=utf-8" />
  <meta name='ocr-system' content='tesseract 3.04.00' />
  <meta name='ocr-capabilities' content='ocr_page ocr_carea ocr_par ocr_line ocrx_word'/>
</head>
<body>
  <div class='ocr_page' id='page_1' title='image "./desublimiinevan03gerbgoog_0135.png"; bbox 0 0 2474 4568; ppageno 0'>
   <div class='ocr_carea' id='block_1_1' title="bbox 325 269 965 353">
    <p class='ocr_par' dir='ltr' id='par_1_1' title="bbox 325 269 965 353">
     <span class='ocr_line' id='line_1_1' title="bbox 325 269 965 353; baseline 0.014 -7"><span class='ocrx_word' id='word_1_1' title='bbox 325 286 396 353; x_wconf 79' lang='lat'>128</span> <span class='ocrx_word' id='word_1_2' title='bbox 643 269 876 323; x_wconf 76' lang='grc'><em>--·“··“-“-··“</em></span> <span class='ocrx_word' id='word_1_3' title='bbox 960 308 965 313; x_wconf 94' lang='grc'><strong><em>·</em></strong></span> 
     </span>
    </p>
   </div>
   <div class='ocr_carea' id='block_1_2' title="bbox 157 423 1229 2277">
    <p class='ocr_par' dir='ltr' id='par_1_2' title="bbox 179 423 1202 520">
     <span class='ocr_line' id='line_1_2' title="bbox 179 423 1202 520; baseline 0.009 -25"><span class='ocrx_word' id='word_1_4' title='bbox 179 426 290 483; x_wconf 63' lang='lat' dir='ltr'>thr</span> <span class='ocrx_word' id='word_1_5' title='bbox 320 423 453 511; x_wconf 79' lang='lat' dir='ltr'>lectio,</span> <span class='ocrx_word' id='word_1_6' title='bbox 493 441 529 497; x_wconf 85' lang='lat' dir='ltr'>tt</span> <span class='ocrx_word' id='word_1_7' title='bbox 558 449 636 520; x_wconf 89' lang='lat' dir='ltr'>quae</span> <span class='ocrx_word' id='word_1_8' title='bbox 668 450 764 497; x_wconf 88' lang='lat' dir='ltr'>nuuc</span> <span class='ocrx_word' id='word_1_9' title='bbox 794 425 909 510; x_wconf 89' lang='lat' dir='ltr'>fiunt,</span> <span class='ocrx_word' id='word_1_10' title='bbox 940 424 1099 501; x_wconf 80' lang='lat' dir='ltr'>&#39;exordia</span> <span class='ocrx_word' id='word_1_11' title='bbox 1124 427 1202 504; x_wconf 80' lang='lat' dir='ltr'>lunt</span> 
     </span>
    </p>

    <p class='ocr_par' dir='ltr' id='par_1_3' title="bbox 167 540 1202 637">
     <span class='ocr_line' id='line_1_3' title="bbox 167 540 1202 637; baseline 0.01 -27"><span class='ocrx_word' id='word_1_12' title='bbox 167 544 296 601; x_wconf 73' lang='lat' dir='ltr'><strong>CXXIX·</strong></span> <span class='ocrx_word' id='word_1_13' title='bbox 320 542 496 636; x_wconf 83' lang='lat' dir='ltr'>ingressus</span> <span class='ocrx_word' id='word_1_14' title='bbox 521 540 723 613; x_wconf 85' lang='lat' dir='ltr'>antichristi.</span> <span class='ocrx_word' id='word_1_15' title='bbox 786 542 899 635; x_wconf 85' lang='lat' dir='ltr'>Quod</span> <span class='ocrx_word' id='word_1_16' title='bbox 927 542 1074 637; x_wconf 90' lang='lat' dir='ltr'>quidem</span> <span class='ocrx_word' id='word_1_17' title='bbox 1104 545 1131 617; x_wconf 90' lang='lat' dir='ltr'>si</span> <span class='ocrx_word' id='word_1_18' title='bbox 1155 548 1202 621; x_wconf 87' lang='lat' dir='ltr'>ita</span> 
     </span>
    </p>

    <p class='ocr_par' dir='ltr' id='par_1_4' title="bbox 157 644 1200 753">
     <span class='ocr_line' id='line_1_4' title="bbox 157 644 1200 753; baseline 0.007 -24"><span class='ocrx_word' id='word_1_19' title='bbox 157 657 306 721; x_wconf 51' lang='lat' dir='ltr'>”W</span> <span class='ocrx_word' id='word_1_20' title='bbox 320 661 382 745; x_wconf 84' lang='lat' dir='ltr'>stt,</span> <span class='ocrx_word' id='word_1_21' title='bbox 411 684 577 753; x_wconf 84' lang='lat' dir='ltr'>precare,</span> <span class='ocrx_word' id='word_1_22' title='bbox 604 677 644 730; x_wconf 90' lang='lat' dir='ltr'>ut</span> <span class='ocrx_word' id='word_1_23' title='bbox 671 679 731 730; x_wconf 90' lang='lat' dir='ltr'>aut</span> <span class='ocrx_word' id='word_1_24' title='bbox 757 683 928 729; x_wconf 85' lang='lat' dir='ltr'>aerumnas</span> <span class='ocrx_word' id='word_1_25' title='bbox 958 644 1113 748; x_wconf 74' lang='lat' dir='ltr'>auferat,</span> <span class='ocrx_word' id='word_1_26' title='bbox 1140 683 1200 735; x_wconf 90' lang='lat' dir='ltr'>aut</span> 
     </span>
    </p>

    <p class='ocr_par' dir='ltr' id='par_1_5' title="bbox 319 773 1203 852">
     <span class='ocr_line' id='line_1_5' title="bbox 319 773 1203 852; baseline 0 -5"><span class='ocrx_word' id='word_1_27' title='bbox 319 802 387 847; x_wconf 90' lang='lat' dir='ltr'>nos</span> <span class='ocrx_word' id='word_1_28' title='bbox 414 777 506 846; x_wconf 85' lang='lat' dir='ltr'>iuter</span> <span class='ocrx_word' id='word_1_29' title='bbox 532 799 704 847; x_wconf 81' lang='lat' dir='ltr'>aerumnas</span> <span class='ocrx_word' id='word_1_30' title='bbox 731 774 882 848; x_wconf 90' lang='lat' dir='ltr'>invictos</span> <span class='ocrx_word' id='word_1_31' title='bbox 910 773 1030 849; x_wconf 87' lang='lat' dir='ltr'>bonus</span> <span class='ocrx_word' id='word_1_32' title='bbox 1058 779 1120 850; x_wconf 91' lang='lat' dir='ltr'>ille</span> <span class='ocrx_word' id='word_1_33' title='bbox 1144 804 1203 852; x_wconf 67' lang='lat' dir='ltr'>cua</span> 
     </span>
    </p>

    <p class='ocr_par' dir='ltr' id='par_1_6' title="bbox 320 891 1199 988">
     <span class='ocr_line' id='line_1_6' title="bbox 320 891 1199 988; baseline 0.007 -25"><span class='ocrx_word' id='word_1_34' title='bbox 320 891 461 964; x_wconf 83' lang='lat' dir='ltr'>studiat.</span> <span class='ocrx_word' id='word_1_35' title='bbox 474 896 498 929; x_wconf 84' lang='lat'><strong>“</strong></span> <span class='ocrx_word' id='word_1_36' title='bbox 565 892 663 963; x_wconf 86' lang='lat' dir='ltr'>Idem</span> <span class='ocrx_word' id='word_1_37' title='bbox 699 891 785 963; x_wconf 91' lang='lat' dir='ltr'>dum</span> <span class='ocrx_word' id='word_1_38' title='bbox 818 892 1078 988; x_wconf 90' lang='lat' dir='ltr'>deplorandum</span> <span class='ocrx_word' id='word_1_39' title='bbox 1116 916 1199 969; x_wconf 90' lang='lat' dir='ltr'>tunc</span> 
     </span>
    </p>

    <p class='ocr_par' dir='ltr' id='par_1_7' title="bbox 319 1007 1199 1103">
     <span class='ocr_line' id='line_1_7' title="bbox 319 1007 1199 1103; baseline 0.002 -21"><span class='ocrx_word' id='word_1_40' title='bbox 319 1009 488 1082; x_wconf 87' lang='lat' dir='ltr'>Ecclesiae</span> <span class='ocrx_word' id='word_1_41' title='bbox 522 1008 647 1080; x_wconf 88' lang='lat' dir='ltr'>statum</span> <span class='ocrx_word' id='word_1_42' title='bbox 680 1009 717 1078; x_wconf 91' lang='lat' dir='ltr'>in</span> <span class='ocrx_word' id='word_1_43' title='bbox 749 1007 897 1103; x_wconf 89' lang='lat' dir='ltr'>epistola</span> <span class='ocrx_word' id='word_1_44' title='bbox 931 1009 976 1081; x_wconf 90' lang='lat' dir='ltr'>ad</span> <span class='ocrx_word' id='word_1_45' title='bbox 1007 1009 1134 1083; x_wconf 84' lang='lat' dir='ltr'>Galliae</span> <span class='ocrx_word' id='word_1_46' title='bbox 1167 1030 1199 1084; x_wconf 86' lang='lat' dir='ltr'>et</span> 
     </span>
    </p>

    <p class='ocr_par' dir='ltr' id='par_1_8' title="bbox 319 1125 1199 1222">
     <span class='ocr_line' id='line_1_8' title="bbox 319 1125 1199 1222; baseline 0.005 -26"><span class='ocrx_word' id='word_1_47' title='bbox 319 1125 427 1197; x_wconf 86' lang='lat' dir='ltr'>ltaliae</span> <span class='ocrx_word' id='word_1_48' title='bbox 447 1127 636 1221; x_wconf 81' lang='lat' dir='ltr'>episcopos</span> <span class='ocrx_word' id='word_1_49' title='bbox 657 1125 822 1220; x_wconf 83' lang='lat' dir='ltr'>graphice</span> <span class='ocrx_word' id='word_1_50' title='bbox 846 1143 880 1196; x_wconf 93' lang='lat' dir='ltr'>et</span> <span class='ocrx_word' id='word_1_51' title='bbox 901 1125 1051 1222; x_wconf 83' lang='lat' dir='ltr'>copiose</span> <span class='ocrx_word' id='word_1_52' title='bbox 1075 1129 1199 1202; x_wconf 90' lang='lat' dir='ltr'>descri-</span> 
     </span>
    </p>

    <p class='ocr_par' dir='ltr' id='par_1_9' title="bbox 318 1241 1199 1343">
     <span class='ocr_line' id='line_1_9' title="bbox 318 1241 1199 1343; baseline 0.009 -32"><span class='ocrx_word' id='word_1_53' title='bbox 318 1243 372 1313; x_wconf 90' lang='lat' dir='ltr'>bit</span> <span class='ocrx_word' id='word_1_54' title='bbox 387 1243 641 1336; x_wconf 83' lang='lat' dir='ltr'>ingemiscens:</span> <span class='ocrx_word' id='word_1_55' title='bbox 670 1241 815 1334; x_wconf 82' lang='lat' dir='ltr'>„Quae,</span> <span class='ocrx_word' id='word_1_56' title='bbox 843 1243 975 1337; x_wconf 88' lang='lat' dir='ltr'>inquit,</span> <span class='ocrx_word' id='word_1_57' title='bbox 1001 1243 1199 1343; x_wconf 84' lang='lat' dir='ltr'>deploratio</span> 
     </span>
    </p>

    <p class='ocr_par' dir='ltr' id='par_1_10' title="bbox 252 1346 1199 1458">
     <span class='ocr_line' id='line_1_10' title="bbox 252 1346 1199 1458; baseline 0.006 -28"><span class='ocrx_word' id='word_1_58' title='bbox 252 1434 258 1448; x_wconf 62' lang='grc'><strong>,</strong></span> <span class='ocrx_word' id='word_1_59' title='bbox 318 1359 373 1430; x_wconf 88' lang='lat' dir='ltr'>his</span> <span class='ocrx_word' id='word_1_60' title='bbox 393 1359 644 1429; x_wconf 81' lang='lat' dir='ltr'>calamitatibus</span> <span class='ocrx_word' id='word_1_61' title='bbox 664 1359 787 1452; x_wconf 83' lang='lat' dir='ltr'>digna,</span> <span class='ocrx_word' id='word_1_62' title='bbox 808 1381 867 1431; x_wconf 94' lang='lat' dir='ltr'>aut</span> <span class='ocrx_word' id='word_1_63' title='bbox 885 1386 948 1455; x_wconf 82' lang='lat' dir='ltr'>par</span> <span class='ocrx_word' id='word_1_64' title='bbox 968 1346 1199 1458; x_wconf 46' lang='lat' dir='ltr'>esse&#39;po&#39;ssit?</span> 
     </span>
    </p>

    <p class='ocr_par' dir='ltr' id='par_1_11' title="bbox 319 1476 1197 1572">
     <span class='ocr_line' id='line_1_11' title="bbox 319 1476 1197 1572; baseline 0.006 -25"><span class='ocrx_word' id='word_1_65' title='bbox 319 1478 454 1569; x_wconf 81' lang='lat' dir='ltr'>Quales</span> <span class='ocrx_word' id='word_1_66' title='bbox 486 1479 731 1572; x_wconf 18' lang='lat' dir='ltr'>lacrymarum*</span> <span class='ocrx_word' id='word_1_67' title='bbox 749 1477 866 1546; x_wconf 84' lang='lat' dir='ltr'>fontes</span> <span class='ocrx_word' id='word_1_68' title='bbox 897 1476 950 1546; x_wconf 90' lang='lat' dir='ltr'>his</span> <span class='ocrx_word' id='word_1_69' title='bbox 978 1476 1080 1549; x_wconf 90' lang='lat' dir='ltr'>malis</span> <span class='ocrx_word' id='word_1_70' title='bbox 1100 1479 1197 1557; x_wconf 74' lang='lat' dir='ltr'>,suffi-</span> 
     </span>
    </p>

    <p class='ocr_par' dir='ltr' id='par_1_12' title="bbox 318 1590 1195 1689">
     <span class='ocr_line' id='line_1_12' title="bbox 318 1590 1195 1689; baseline 0.006 -25"><span class='ocrx_word' id='word_1_71' title='bbox 318 1593 440 1665; x_wconf 82' lang='lat' dir='ltr'>cient‘?</span> <span class='ocrx_word' id='word_1_72' title='bbox 468 1591 649 1685; x_wconf 83' lang='lat' dir='ltr'>Quamdiu</span> <span class='ocrx_word' id='word_1_73' title='bbox 676 1590 781 1687; x_wconf 80' lang='lat' dir='ltr'>igitur</span> <span class='ocrx_word' id='word_1_74' title='bbox 804 1593 893 1663; x_wconf 78' lang='lat' dir='ltr'>&#39;stare</span> <span class='ocrx_word' id='word_1_75' title='bbox 916 1593 1060 1689; x_wconf 88' lang='lat' dir='ltr'>quidam</span> <span class='ocrx_word' id='word_1_76' title='bbox 1081 1596 1195 1669; x_wconf 88' lang='lat' dir='ltr'>adhuc</span> 
     </span>
    </p>

    <p class='ocr_par' dir='ltr' id='par_1_13' title="bbox 315 1708 1194 1804">
     <span class='ocr_line' id='line_1_13' title="bbox 315 1708 1194 1804; baseline 0.007 -24"><span class='ocrx_word' id='word_1_77' title='bbox 315 1711 505 1795; x_wconf 82' lang='lat' dir='ltr'>videntur,</span> <span class='ocrx_word' id='word_1_78' title='bbox 542 1708 676 1779; x_wconf 91' lang='lat' dir='ltr'>tamdiu</span> <span class='ocrx_word' id='word_1_79' title='bbox 708 1709 825 1780; x_wconf 89' lang='lat' dir='ltr'>adhuc</span> <span class='ocrx_word' id='word_1_80' title='bbox 852 1709 1040 1804; x_wconf 87' lang='lat' dir='ltr'>vestigium</span> <span class='ocrx_word' id='word_1_81' title='bbox 1069 1712 1194 1787; x_wconf 85' lang='lat' dir='ltr'>vetetis</span> 
     </span>
    </p>

    <p class='ocr_par' dir='ltr' id='par_1_14' title="bbox 316 1825 1195 1921">
     <span class='ocr_line' id='line_1_14' title="bbox 316 1825 1195 1921; baseline 0.005 -24"><span class='ocrx_word' id='word_1_82' title='bbox 316 1825 423 1899; x_wconf 84' lang='lat' dir='ltr'>status</span> <span class='ocrx_word' id='word_1_83' title='bbox 450 1844 705 1920; x_wconf 79' lang='lat' dir='ltr'>praeservatur,</span> <span class='ocrx_word' id='word_1_84' title='bbox 742 1825 947 1921; x_wconf 85' lang='lat' dir='ltr'>priusquam</span> <span class='ocrx_word' id='word_1_85' title='bbox 976 1853 1195 1901; x_wconf 89' lang='lat' dir='ltr'>consumma·</span> 
     </span>
    </p>

    <p class='ocr_par' dir='ltr' id='par_1_15' title="bbox 314 1941 1192 2037">
     <span class='ocr_line' id='line_1_15' title="bbox 314 1941 1192 2037; baseline 0.006 -23"><span class='ocrx_word' id='word_1_86' title='bbox 314 1962 388 2015; x_wconf 88' lang='lat' dir='ltr'>tum</span> <span class='ocrx_word' id='word_1_87' title='bbox 412 1941 579 2014; x_wconf 87' lang='lat' dir='ltr'>Ecclesiis</span> <span class='ocrx_word' id='word_1_88' title='bbox 600 1942 819 2037; x_wconf 81' lang='lat' dir='ltr'>naufragium</span> <span class='ocrx_word' id='word_1_89' title='bbox 841 1942 992 2015; x_wconf 86' lang='lat' dir='ltr'>eveniat.</span> <span class='ocrx_word' id='word_1_90' title='bbox 1035 1945 1192 2019; x_wconf 78' lang='lat' dir='ltr'>Praesens</span> 
     </span>
    </p>

    <p class='ocr_par' dir='ltr' id='par_1_16' title="bbox 313 2054 1229 2277">
     <span class='ocr_line' id='line_1_16' title="bbox 313 2054 1191 2163; baseline 0.009 -33"><span class='ocrx_word' id='word_1_91' title='bbox 313 2058 422 2130; x_wconf 90' lang='lat' dir='ltr'>instat</span> <span class='ocrx_word' id='word_1_92' title='bbox 445 2059 513 2132; x_wconf 91' lang='lat' dir='ltr'>iam</span> <span class='ocrx_word' id='word_1_93' title='bbox 541 2059 669 2145; x_wconf 87' lang='lat' dir='ltr'>nobis,</span> <span class='ocrx_word' id='word_1_94' title='bbox 696 2054 822 2144; x_wconf 77' lang='lat' dir='ltr'>instat,</span> <span class='ocrx_word' id='word_1_95' title='bbox 847 2059 1017 2155; x_wconf 86' lang='lat' dir='ltr'>iuquam,</span> <span class='ocrx_word' id='word_1_96' title='bbox 1044 2061 1191 2163; x_wconf 80' lang='lat' dir='ltr'>integer·</span> 
     </span>
     <span class='ocr_line' id='line_1_17' title="bbox 313 2175 1229 2277; baseline 0.002 -29"><span class='ocrx_word' id='word_1_97' title='bbox 313 2176 551 2265; x_wconf 85' lang='lat' dir='ltr'>rimilrattes,</span> <span class='ocrx_word' id='word_1_98' title='bbox 579 2175 750 2274; x_wconf 80' lang='lat' dir='ltr'>porrigite</span> <span class='ocrx_word' id='word_1_99' title='bbox 776 2178 944 2248; x_wconf 83' lang='lat' dir='ltr'>manus.“</span> <span class='ocrx_word' id='word_1_100' title='bbox 1031 2269 1034 2277; x_wconf 27' lang='grc' dir='ltr'>Ι</span> <span class='ocrx_word' id='word_1_101' title='bbox 1224 2180 1229 2185; x_wconf 80' lang='grc'><strong>’</strong></span> 
     </span>
    </p>
   </div>
   <div class='ocr_carea' id='block_1_3' title="bbox 290 2412 1190 3925">
    <p class='ocr_par' dir='ltr' id='par_1_17' title="bbox 290 2412 1190 3925">
     <span class='ocr_line' id='line_1_18' title="bbox 386 2412 1189 2512; baseline 0.006 -30"><span class='ocrx_word' id='word_1_102' title='bbox 386 2412 607 2507; x_wconf 89' lang='lat' dir='ltr'>Opportune</span> <span class='ocrx_word' id='word_1_103' title='bbox 627 2412 675 2486; x_wconf 87' lang='lat' dir='ltr'>fic</span> <span class='ocrx_word' id='word_1_104' title='bbox 696 2434 769 2487; x_wconf 89' lang='lat' dir='ltr'>tum</span> <span class='ocrx_word' id='word_1_105' title='bbox 790 2413 857 2486; x_wconf 82' lang='lat' dir='ltr'>iam</span> <span class='ocrx_word' id='word_1_106' title='bbox 877 2413 1069 2501; x_wconf 84' lang='lat' dir='ltr'>adlatum,</span> <span class='ocrx_word' id='word_1_107' title='bbox 1093 2414 1189 2512; x_wconf 87' lang='lat' dir='ltr'>quod</span> 
     </span>
     <span class='ocr_line' id='line_1_19' title="bbox 308 2529 1189 2626; baseline 0.006 -24"><span class='ocrx_word' id='word_1_108' title='bbox 308 2555 476 2626; x_wconf 88' lang='lat' dir='ltr'>perpessa</span> <span class='ocrx_word' id='word_1_109' title='bbox 512 2529 762 2603; x_wconf 88' lang='lat' dir='ltr'>florentissima</span> <span class='ocrx_word' id='word_1_110' title='bbox 802 2530 991 2603; x_wconf 85' lang='lat' dir='ltr'>Orientalis</span> <span class='ocrx_word' id='word_1_111' title='bbox 1029 2531 1189 2607; x_wconf 77' lang='lat' dir='ltr'>Ecclesia</span> 
     </span>
     <span class='ocr_line' id='line_1_20' title="bbox 308 2630 1190 2743; baseline 0.003 -27"><span class='ocrx_word' id='word_1_112' title='bbox 308 2642 426 2718; x_wconf 87' lang='lat' dir='ltr'>adhuc</span> <span class='ocrx_word' id='word_1_113' title='bbox 456 2648 539 2731; x_wconf 86' lang='lat' dir='ltr'>lert,</span> <span class='ocrx_word' id='word_1_114' title='bbox 575 2649 730 2743; x_wconf 90' lang='lat' dir='ltr'>loquitur</span> <span class='ocrx_word' id='word_1_115' title='bbox 752 2648 783 2719; x_wconf 90' lang='lat' dir='ltr'>S.</span> <span class='ocrx_word' id='word_1_116' title='bbox 806 2630 977 2734; x_wconf 86' lang='lat' dir='ltr'>Basilius,</span> <span class='ocrx_word' id='word_1_117' title='bbox 1014 2649 1058 2720; x_wconf 91' lang='lat' dir='ltr'>ad</span> <span class='ocrx_word' id='word_1_118' title='bbox 1081 2649 1190 2721; x_wconf 88' lang='lat' dir='ltr'>inten-</span> 
     </span>
     <span class='ocr_line' id='line_1_21' title="bbox 307 2762 1189 2858; baseline 0.007 -25"><span class='ocrx_word' id='word_1_119' title='bbox 307 2780 382 2833; x_wconf 86' lang='lat' dir='ltr'>tum</span> <span class='ocrx_word' id='word_1_120' title='bbox 412 2790 431 2833; x_wconf 90' lang='lat' dir='ltr'>a</span> <span class='ocrx_word' id='word_1_121' title='bbox 459 2762 602 2836; x_wconf 85' lang='lat' dir='ltr'>Christo</span> <span class='ocrx_word' id='word_1_122' title='bbox 629 2765 762 2848; x_wconf 82' lang='lat' dir='ltr'>finem,</span> <span class='ocrx_word' id='word_1_123' title='bbox 799 2789 872 2858; x_wconf 92' lang='lat' dir='ltr'>quo</span> <span class='ocrx_word' id='word_1_124' title='bbox 902 2791 969 2835; x_wconf 92' lang='lat' dir='ltr'>nos</span> <span class='ocrx_word' id='word_1_125' title='bbox 998 2764 1043 2836; x_wconf 92' lang='lat' dir='ltr'>de</span> <span class='ocrx_word' id='word_1_126' title='bbox 1069 2765 1128 2839; x_wconf 90' lang='lat' dir='ltr'>die</span> <span class='ocrx_word' id='word_1_127' title='bbox 1157 2785 1189 2839; x_wconf 88' lang='lat' dir='ltr'>et</span> 
     </span>
     <span class='ocr_line' id='line_1_22' title="bbox 306 2878 1189 2979; baseline 0.005 -30"><span class='ocrx_word' id='word_1_128' title='bbox 306 2878 395 2950; x_wconf 87' lang='lat' dir='ltr'>hora</span> <span class='ocrx_word' id='word_1_129' title='bbox 418 2878 475 2951; x_wconf 87' lang='lat' dir='ltr'>illa</span> <span class='ocrx_word' id='word_1_130' title='bbox 499 2882 687 2979; x_wconf 80' lang='lat' dir='ltr'>suspensos</span> <span class='ocrx_word' id='word_1_131' title='bbox 710 2880 755 2950; x_wconf 86' lang='lat' dir='ltr'>ad</span> <span class='ocrx_word' id='word_1_132' title='bbox 780 2881 954 2953; x_wconf 89' lang='lat' dir='ltr'>continuo</span> <span class='ocrx_word' id='word_1_133' title='bbox 978 2907 1052 2952; x_wconf 90' lang='lat' dir='ltr'>non</span> <span class='ocrx_word' id='word_1_134' title='bbox 1074 2883 1189 2953; x_wconf 84' lang='lat' dir='ltr'>solum</span> 
     </span>
     <span class='ocr_line' id='line_1_23' title="bbox 305 2978 1190 3089; baseline 0.006 -23"><span class='ocrx_word' id='word_1_135' title='bbox 305 2996 546 3089; x_wconf 71' lang='lat' dir='ltr'>vigilandum,</span> <span class='ocrx_word' id='word_1_136' title='bbox 572 3023 695 3070; x_wconf 90' lang='lat' dir='ltr'>verum</span> <span class='ocrx_word' id='word_1_137' title='bbox 720 2995 823 3067; x_wconf 88' lang='lat' dir='ltr'>etiam</span> <span class='ocrx_word' id='word_1_138' title='bbox 847 2999 1021 3069; x_wconf 91' lang='lat' dir='ltr'>orandum</span> <span class='ocrx_word' id='word_1_139' title='bbox 1045 2978 1190 3085; x_wconf 57' lang='lat' dir='ltr'>excitet</span> 
     </span>
     <span class='ocr_line' id='line_1_24' title="bbox 303 3112 1189 3211; baseline 0.002 -27"><span class='ocrx_word' id='word_1_140' title='bbox 303 3112 465 3185; x_wconf 90' lang='lat' dir='ltr'>omnium</span> <span class='ocrx_word' id='word_1_141' title='bbox 500 3114 662 3211; x_wconf 89' lang='lat' dir='ltr'>optime,</span> <span class='ocrx_word' id='word_1_142' title='bbox 699 3113 743 3184; x_wconf 88' lang='lat' dir='ltr'>ad</span> <span class='ocrx_word' id='word_1_143' title='bbox 776 3114 973 3186; x_wconf 91' lang='lat' dir='ltr'>orationem</span> <span class='ocrx_word' id='word_1_144' title='bbox 1005 3115 1189 3202; x_wconf 86' lang='lat' dir='ltr'>hortatus,</span> 
     </span>
     <span class='ocr_line' id='line_1_25' title="bbox 301 3216 1190 3337; baseline 0.004 -36"><span class='ocrx_word' id='word_1_145' title='bbox 301 3256 347 3301; x_wconf 90' lang='lat' dir='ltr'>ne</span> <span class='ocrx_word' id='word_1_146' title='bbox 383 3230 558 3327; x_wconf 75' lang='lat' dir='ltr'>imparatis</span> <span class='ocrx_word' id='word_1_147' title='bbox 597 3216 702 3302; x_wconf 89' lang='lat' dir='ltr'>nobis</span> <span class='ocrx_word' id='word_1_148' title='bbox 738 3258 778 3304; x_wconf 89' lang='lat' dir='ltr'>ac</span> <span class='ocrx_word' id='word_1_149' title='bbox 810 3230 955 3303; x_wconf 86' lang='lat' dir='ltr'>incuriis</span> <span class='ocrx_word' id='word_1_150' title='bbox 979 3240 1190 3337; x_wconf 69' lang='lat' dir='ltr'>superueniret</span> 
     </span>
     <span class='ocr_line' id='line_1_26' title="bbox 300 3346 1190 3441; baseline 0.001 -25"><span class='ocrx_word' id='word_1_151' title='bbox 300 3361 459 3441; x_wconf 78' lang='lat' dir='ltr'>repentina</span> <span class='ocrx_word' id='word_1_152' title='bbox 484 3359 547 3419; x_wconf 79' lang='lat' dir='ltr'>dies</span> <span class='ocrx_word' id='word_1_153' title='bbox 571 3355 636 3417; x_wconf 83' lang='lat' dir='ltr'>iHa.</span> <span class='ocrx_word' id='word_1_154' title='bbox 696 3346 861 3439; x_wconf 79' lang='lat' dir='ltr'>Tanquam</span> <span class='ocrx_word' id='word_1_155' title='bbox 883 3360 1012 3441; x_wconf 83' lang='lat' dir='ltr'>laqueus</span> <span class='ocrx_word' id='word_1_156' title='bbox 1034 3361 1125 3420; x_wconf 66' lang='lat' dir='ltr'>caim„</span> <span class='ocrx_word' id='word_1_157' title='bbox 1154 3378 1190 3417; x_wconf 88' lang='lat' dir='ltr'>u·</span> 
     </span>
     <span class='ocr_line' id='line_1_27' title="bbox 293 3471 1187 3561; baseline 0.006 -29"><span class='ocrx_word' id='word_1_158' title='bbox 293 3476 507 3561; x_wconf 61' lang='lat' dir='ltr'>pervenietur</span> <span class='ocrx_word' id='word_1_159' title='bbox 529 3490 650 3548; x_wconf 80' lang='lat' dir='ltr'>omues,</span> <span class='ocrx_word' id='word_1_160' title='bbox 677 3475 732 3553; x_wconf 84' lang='lat' dir='ltr'>qrti</span> <span class='ocrx_word' id='word_1_161' title='bbox 743 3471 855 3551; x_wconf 77' lang='lat' dir='ltr'>sedent</span> <span class='ocrx_word' id='word_1_162' title='bbox 863 3474 962 3556; x_wconf 80' lang='lat' dir='ltr'>super</span> <span class='ocrx_word' id='word_1_163' title='bbox 978 3475 1187 3555; x_wconf 61' lang='lat' dir='ltr'>faciemomg</span> 
     </span>
     <span class='ocr_line' id='line_1_28' title="bbox 296 3566 1188 3673; baseline 0.003 -23"><span class='ocrx_word' id='word_1_164' title='bbox 296 3593 345 3650; x_wconf 83' lang='lat' dir='ltr'>uis</span> <span class='ocrx_word' id='word_1_165' title='bbox 365 3602 458 3652; x_wconf 74' lang='lat' dir='ltr'>terra.-</span> <span class='ocrx_word' id='word_1_166' title='bbox 516 3577 648 3664; x_wconf 71' lang='lat' dir='ltr'>Vigilate</span> <span class='ocrx_word' id='word_1_167' title='bbox 674 3591 803 3673; x_wconf 82' lang='lat' dir='ltr'>iraque,</span> <span class='ocrx_word' id='word_1_168' title='bbox 828 3595 914 3651; x_wconf 75' lang='lat' dir='ltr'>&#39;omni</span> <span class='ocrx_word' id='word_1_169' title='bbox 942 3604 1076 3671; x_wconf 86' lang='lat' dir='ltr'>tempore</span> <span class='ocrx_word' id='word_1_170' title='bbox 1092 3566 1188 3661; x_wconf 75' lang='lat' dir='ltr'>,orati-</span> 
     </span>
     <span class='ocr_line' id='line_1_29' title="bbox 298 3682 1188 3793; baseline 0.002 -26"><span class='ocrx_word' id='word_1_171' title='bbox 298 3718 365 3784; x_wconf 83' lang='lat' dir='ltr'>tes‚</span> <span class='ocrx_word' id='word_1_172' title='bbox 393 3720 429 3769; x_wconf 86' lang='lat' dir='ltr'>ut</span> <span class='ocrx_word' id='word_1_173' title='bbox 456 3707 539 3780; x_wconf 67' lang='lat' dir='ltr'>digni·</span> <span class='ocrx_word' id='word_1_174' title='bbox 560 3706 735 3768; x_wconf 81' lang='lat' dir='ltr'>ltobeamz&#39;m‘</span> <span class='ocrx_word' id='word_1_175' title='bbox 751 3707 863 3785; x_wconf 80' lang='lat' dir='ltr'>fugere</span> <span class='ocrx_word' id='word_1_176' title='bbox 884 3710 948 3768; x_wconf 83' lang='lat' dir='ltr'>ista</span> <span class='ocrx_word' id='word_1_177' title='bbox 967 3711 1093 3784; x_wconf 86' lang='lat' dir='ltr'>omnia,</span> <span class='ocrx_word' id='word_1_178' title='bbox 1121 3682 1188 3793; x_wconf 57' lang='grc' dir='ltr'>ᾳμῖι</span> 
     </span>
     <span class='ocr_line' id='line_1_30' title="bbox 290 3798 1187 3925; baseline 0.008 -42"><span class='ocrx_word' id='word_1_179' title='bbox 290 3820 523 3925; x_wconf 59' lang='lat' dir='ltr'>suturasunt,</span> <span class='ocrx_word' id='word_1_180' title='bbox 559 3835 590 3886; x_wconf 86' lang='lat' dir='ltr'>et</span> <span class='ocrx_word' id='word_1_181' title='bbox 606 3798 693 3898; x_wconf 76' lang='lat' dir='ltr'>flore</span> <span class='ocrx_word' id='word_1_182' title='bbox 718 3837 790 3886; x_wconf 83' lang='lat' dir='ltr'>ante</span> <span class='ocrx_word' id='word_1_183' title='bbox 814 3825 927 3885; x_wconf 82' lang='lat' dir='ltr'>Filium</span> <span class='ocrx_word' id='word_1_184' title='bbox 953 3814 1108 3899; x_wconf 73' lang='lat' dir='ltr'>hominis,</span> <span class='ocrx_word' id='word_1_185' title='bbox 1146 3837 1187 3889; x_wconf 87' lang='lat' dir='ltr'>ut</span> 
     </span>
    </p>
   </div>
   <div class='ocr_carea' id='block_1_4' title="bbox 298 3921 1183 4028">
    <p class='ocr_par' dir='ltr' id='par_1_18' title="bbox 298 3921 1183 4028">
     <span class='ocr_line' id='line_1_31' title="bbox 298 3921 1183 4028; baseline 0.003 -25"><span class='ocrx_word' id='word_1_186' title='bbox 298 3930 461 4003; x_wconf 87' lang='lat' dir='ltr'>Christus</span> <span class='ocrx_word' id='word_1_187' title='bbox 475 3921 571 4026; x_wconf 86' lang='lat' dir='ltr'>apu&#39;d</span> <span class='ocrx_word' id='word_1_188' title='bbox 585 3930 718 4005; x_wconf 83' lang='lat' dir='ltr'>Lucam</span> <span class='ocrx_word' id='word_1_189' title='bbox 732 3931 838 4010; x_wconf 88' lang='lat' dir='ltr'><strong>XXI.</strong></span> <span class='ocrx_word' id='word_1_190' title='bbox 857 3955 913 4021; x_wconf 80' lang='lat'>33.</span> <span class='ocrx_word' id='word_1_191' title='bbox 931 3951 995 4004; x_wconf 88' lang='lat' dir='ltr'>etc.</span> <span class='ocrx_word' id='word_1_192' title='bbox 1009 3931 1183 4028; x_wconf 88' lang='lat' dir='ltr'>loquitur,</span> 
     </span>
    </p>
   </div>
   <div class='ocr_carea' id='block_1_5' title="bbox 0 0 1242 4568">
    <p class='ocr_par' dir='ltr' id='par_1_19' title="bbox 0 0 1242 4568">
     <span class='ocr_line' id='line_1_32' title="bbox 0 0 1242 4568; baseline 0 1"><span class='ocrx_word' id='word_1_193' title='bbox 0 0 1242 4568; x_wconf 95' lang='lat' dir='ltr'> </span> 
     </span>
    </p>
   </div>
  </div>
 </body>
</html>
