2474 4568
419 322 650 334 Q

899 312 974 380 409
1038 294 1044 353 i

95 458 171 506 ram
207 430 401 523 Ecclesiam
438 452 522 529 post
561 452 718 506 nostram
750 438 976 509 resurrectio·
1000 430 1115 494 CAPUT

95 577 190 642 nem.
241 558 386 635 Mittite,
413 549 550 646 inquit,
577 574 638 622 rete
663 563 695 621 in
720 563 879 625 dexteram
900 554 1137 643 WAELXXIX.

95 691 167 740 tem.
219 664 404 739 Discretus
434 688 486 738 est
514 693 600 762 ergo
630 694 796 740 numerus
827 695 974 758 eorum,
992 670 1133 728 “V'‘

95 786 158 880 qui
177 786 222 856 ad
241 784 421 858 dexteram
441 784 589 857 stabunt.
622 783 841 857 Meministis
861 786 973 878 enim,

96 900 280 973 dominum
313 901 468 987 dixisse,
498 920 687 972 venturum
720 927 756 973 se
788 928 861 974 esse
894 929 977 976 cum

94 1011 229 1114 angelis
253 1016 344 1105 suis,
372 1039 406 1090 et
432 1017 529 1113 quod
558 1017 871 1112 congregabuntur
892 1024 974 1092 ante

96 1160 177 1210 eum
205 1160 328 1206 omnes
356 1153 502 1229 gentes,
539 1154 573 1205 et
605 1132 741 1205 dividet
772 1160 851 1222 eas,
888 1136 975 1210 ficut

94 1271 215 1348 pastor
245 1250 371 1322 dividit
399 1276 486 1322 oves
517 1250 561 1321 ab
585 1250 718 1336 haedis3
750 1276 837 1323 oves
863 1272 975 1346 ponet

95 1367 140 1439 ad
163 1367 369 1454 dexteram,
391 1367 511 1443 haedos
533 1366 579 1438 ad
596 1366 779 1439 sinistram..
827 1367 973 1441 Ovibus

96 1484 253 1556 dicturus
277 1504 349 1556 est:
383 1496 485 1556 Venite
497 1496 648 1575 percipite
667 1512 800 1569 regnum.
852 1483 973 1558 Haedis

90 1601 251 1672 'dicturus
277 1620 356 1690 test:¹
396 1611 444 1699 Ite
470 1613 623 1686 inignem
651 1624 801 1702 attilium.
851 1610 975 1676 Mittite

94 1730 128 1788 in
150 1727 319 1789 dexteram.
369 1716 562 1812 Tanquam
590 1705 745 1802 diceret;
772 1716 841 1789 iam
862 1744 1003 1807 resur-2

95 1833 193 1918 rexi,
215 1832 406 1906 Ecclesiam
426 1837 513 1905 volo
536 1832 748 1928 significare,
766 1859 845 1930 quae
861 1834 975 1921 etitin

96 1949 350 2022 resurrectione
381 1969 613 2023 mortuorum.
663 1959 786 2022 Mittite
813 1964 845 2021 in
872 1961 975 2024 dexte·

95 2095 180 2140 snm..
225 2066 344 2137 Missa
374 2066 454 2138 lunt
485 2064 569 2148 retia
598 2064 635 2135 in
663 2066 870 2154 dexteram,
907 2095 973 2142 net

95 2203 263 2282 poterant
285 2208 325 2254 ea
346 2185 463 2254 levare
484 2207 554 2276 prae
578 2180 801 2254 multitudine
823 2183 974 2287 piscium

97 2354 255 2374 .....
282 2298 382 2394 Quid
411 2300 526 2394 ergo?
579 2309 805 2385 Adduxerunt,
836 2299 973 2395 inquit,

95 2428 244 2490 adlisus.
296 2416 422 2491 Petrus
442 2416 582 2488 attraxit
599 2415 695 2488 retia.
747 2416 998 2489 Nlodociim·
1038 2429 1058 2507 ᾗ

95 2531 332 2628 Evangelium
356 2537 553 2629 legeretur,
577 2532 732 2605 audistis.
783 2531 854 2606 Ubi
875 2535 974 2607 audis

96 2651 204 2736 litus;
234 2649 391 2745 intellige
421 2651 528 2721 finem
560 2650 683 2743 maris;
715 2648 776 2720 ubi
808 2651 908 2723 audis
937 2653 975 2725 fi·

98 2793 181 2838 nem
209 2766 333 2852 maris;
361 2765 516 2861 intellige
541 2767 649 2838 finem
675 2766 786 2840 sacculi
816 2823 973 2844 .....

96 2883 147 2955 Et
172 2882 300 2971 adiecit
321 2887 536 2978 evangelista
556 2911 628 2955 rem
652 2883 906 2989 necessariam:
934 2897 977 2960 Et
1055 2926 1058 2932 ·

93 3028 168 3085 tum
195 3012 298 3086 tanti,
324 2999 363 3072 id
391 3021 465 3087 est,
492 3026 572 3073 cum
600 3020 669 3075 tam
694 2999 813 3097 magni
837 3024 975 3090 essent,
1062 2996 1070 3004 ’

96 3145 159 3187 non
179 3137 223 3186 est
227 3124 359 3203 scissum
378 3140 449 3198 rete.
501 3116 634 3211 Magni
658 3136 783 3204 erunt,
810 3118 892 3213 quia
909 3120 978 3190 hae-

98 3257 193 3306 reses
209 3259 282 3305 non
298 3252 418 3319 erunt,
443 3252 477 3305 et
495 3233 578 3303 ideo
599 3232 709 3326 magis
730 3234 878 3306 haereses
902 3262 977 3308 non

99 3369 231 3436 crunt,
263 3348 345 3444 quia
375 3349 492 3446 magni
524 3370 636 3422 erunt.
648 3353 670 3387 ‘⁶
720 3350 819 3423 ldem
848 3351 879 3424 S
904 3353 978 3426 Au·

53 3469 57 3477 '
99 3466 263 3563 gustinus
285 3465 320 3536 in
340 3468 487 3539 eandem
519 3467 760 3564 evangelicam
785 3471 977 3562 ‚lectionem

99 3584 187 3656 illud
213 3583 315 3656 etiam
340 3584 528 3657 discrimen
551 3586 641 3658 inter
664 3610 848 3682 utramque
870 3578 979 3682 pisca·

58 3771 61 3776 .
100 3701 236 3772 tionem
261 3700 304 3770 de
324 3699 386 3781 iis,
414 3699 475 3794 qui
491 3702 601 3772 modo
622 3704 822 3797 promiscue
844 3704 977 3777 suntin

99 3816 263 3890 Ecclesia
283 3814 392 3900 boni,
420 3835 455 3889 et
477 3816 579 3903 mali,
607 3817 779 3913 explicat,
807 3841 979 3912 quatenus

100 3935 138 4008 in
164 3934 230 4008 hac
252 3933 428 4020 secunda,
457 3959 530 4004 non
556 3959 645 4006 vero
671 3935 710 4005 in
735 3934 851 4032 prima
874 3936 983 4034 pisca·
