2474 4568
1134 223 1141 251 Ι

423 279 656 309 -

928 315 971 384 9ῐ

104 463 173 538 quae
200 464 278 510 non
304 434 372 509 nisi
394 447 454 506 duo
473 447 593 509 minuto
614 449 716 522 misit,
738 451 822 531 quod
838 461 882 516 est
902 469 978 532 qua·
1001 433 1123 496 estu*

102 569 209 643 narrt,
240 581 313 626 non
339 554 440 626 facile
463 554 666 627 advertisset
690 558 864 630 animum:
892 557 975 629 dum
1008 552 1116 613 CXXV·
1149 610 1153 619 .

105 677 197 744 ecce!
227 673 328 767 quod
353 671 435 743 lacit
454 670 560 740 vidua
583 672 677 757 lraec,
702 671 803 749 unice
826 667 1140 791 animad-“Wx

104 789 266 860 versione
296 788 443 882 dignum
473 786 646 860 existimat
675 788 795 874 lesus;
834 790 880 863 ita
903 791 979 884 qui·

105 905 200 990 dem,
224 926 265 977 ut
284 903 475 999 discipulos
496 923 659 998 tanquam
679 906 723 976 ad
740 907 990 1000 spectaculum,

107 1021 360 1093 convocandos
388 1021 551 1104 duceret,
589 1041 794 1116 tantumque
826 1023 873 1093 rei
906 1049 979 1092 mo·
1040 1108 1042 1112 μ

105 1158 259 1208 mentum
280 1136 346 1208 illis
372 1137 484 1228 (usus
511 1135 613 1208 etiam
637 1138 735 1211 solita
760 1140 818 1213 lua
842 1165 978 1211 asseve-

105 1253 200 1324 randi
222 1253 393 1324 formula:
418 1264 515 1323 Amen
533 1264 599 1324 <lico
618 1262 704 1325 uobis
721 1253 805 1342 etc.)
825 1255 874 1327 ob
896 1282 979 1328 ocu·

106 1372 152 1440 los
190 1390 364 1464 poneret,
410 1369 716 1464 depraedicandum
757 1398 801 1443 ex
839 1372 974 1444 merito.

107 1485 165 1558 Est
184 1511 307 1556 revera
332 1486 403 1557 haec
429 1485 546 1557 divina
571 1487 615 1558 ab
640 1513 683 1558 eu
709 1487 820 1560 edicta
843 1490 977 1559 lenten-

106 1602 164 1686 tia,
188 1605 234 1672 de
256 1627 328 1696 quo
350 1602 369 1693 (
380 1600 515 1674 Messia
536 1599 724 1690 nimirum)
743 1603 786 1673 ls.
808 1604 918 1677 XLll.
944 1628 975 1690 3.
1064 1590 1068 1597 ¹

104 1717 282 1793 lateralia
304 1717 453 1811 legitur:
482 1728 671 1789 latinitate
691 1731 796 1790 educet
818 1731 976 1806 iuditium,

54 1826 56 1837 ¹
104 1860 172 1906 non
198 1835 244 1905 ad
266 1834 476 1905 exteriorem
496 1834 624 1906 scilicet
646 1834 693 1906 rei
716 1835 976 1932 apparentiam,

103 1952 293 2024 secundum
328 1976 433 2047 quam
465 1951 590 2023 divites
625 1951 673 2022 illi
707 1952 829 2050 utique
863 1957 975 2026 multo

102 2069 250 2164 amplius
285 2071 510 2140 contulerant
544 2068 581 2139 in
614 2069 907 2164 gazophylacium
932 2097 978 2141 ex

97 2197 292 2256 abundantio
314 2193 403 2274 sua,
441 2210 546 2281 quam
590 2210 724 2280 pauper
756 2184 811 2255 illa
843 2185 976 2271 vidua,

98 2327 175 2396 quae
214 2326 304 2374 vero
339 2300 631 2377 Christi.iudici0
671 2305 749 2399 plus
786 2301 977 2387 omnibus,

98 2445 227 2513 nempe
249 2428 285 2490 de
306 2426 520 2508 penuriosam
546 2431 667 2508 omm'o,
695 2445 758 2509 qua
787 2427 896 2488 habirit
922 2429 981 2486 rm'·

98 2547 158 2620 sit,
187 2555 289 2604 totum
308 2547 426 2604 victum
442 2543 549 2623 suum.
612 2534 666 2607 Sic
690 2536 733 2607 ad
756 2535 879 2606 iustam
904 2561 978 2606 om·

97 2651 155 2722 nia
178 2671 390 2722 revocantur
414 2652 666 2746 aequalitatem,
694 2675 978 2746 quantacumque
1035 2644 1040 2653 ’

99 2768 245 2838 demum
269 2767 309 2840 stt
328 2768 592 2869 conditionum,
618 2769 842 2854 facultatum,
869 2769 978 2841 fortu-

99 2908 296 2978 narumque
324 2884 561 2957 humanarum·
582 2885 820 2980 inaequalitas,
848 2905 888 2958 ut
909 2879 990 2975 neo

101 3001 197 3072 dives
223 3023 285 3072 aut
311 3023 439 3096 potens
465 2999 614 3087 habeat,
649 3002 744 3074 unde
768 3005 977 3087 extollatur,

96 3143 165 3190 nec
202 3143 366 3214 pauper,
410 3126 491 3213 quo‘
520 3119 722 3204 deiiciatur,
764 3119 824 3188 led
858 3120 977 3214 potius

96 3235 254 3329 gaudeat
281 3237 325 3306 de
352 3233 509 3306 beatiore
539 3235 629 3304 sorte
654 3219 712 3305 lua
736 3237 904 3329 exemplo
929 3233 978 3304 vi·

99 3353 178 3424 duae
205 3353 433 3448 evangelicae,
463 3349 593 3422 Christi
615 3349 784 3422 sententia
805 3349 977 3422 divitibus

98 3471 277 3556 antelatae,
318 3468 440 3540 divino
468 3454 618 3554 iudicio,
659 3470 765 3563 plane
793 3467 978 3538 diversos

99 3586 236 3681 vulgari
261 3585 463 3670 hominum,
489 3585 586 3680 apud
614 3610 704 3679 quos
727 3584 762 3654 in
787 3583 902 3680 pretio
925 3602 977 3656 est

99 3726 214 3774 retum
236 3704 280 3774 ad
302 3704 428 3774 fastum
453 3700 689 3786 abundantia,
718 3721 976 3800 etapparatus,

102 3844 171 3913 quo
190 3820 271 3917 quia
290 3820 416 3902 caruit,
445 3820 591 3891 reiectus
613 3840 665 3889 est
687 3845 705 3888 a
725 3817 851 3889 ludaris
876 3815 976 3886 Chri·

104 3957 170 4008 stus
179 3987 191 4025 ,
219 3963 284 4011 nec
315 3936 422 4010 auditi
445 3937 516 4009 eius
540 3932 689 4034 apostoli
712 3959 885 4031 pauperes
907 3932 976 4028 pis·

849 4170 863 4201 ο·
