2474 4568
428 244 435 253 .

427 258 432 269 Φ

429 284 662 330 ¹*

845 298 847 302 ’
913 320 985 387 117

109 441 237 542 illisque
267 441 503 540 gravissimis,
530 469 609 540 qua
638 443 830 528 secundum
852 446 982 547 adven·
1011 442 1128 509 thf

106 581 171 636 tum
195 565 301 637 suum
324 565 663 657 luntflantecessurae.
1004 558 1133 623 cxxix.

102 687 105 690 ·
995 680 1139 740 ννν

170 791 210 866 Α
235 795 350 892 scopo
375 793 447 873 hoc
478 821 661 890 nunquam
691 795 897 871 aberrarunt
925 795 980 870 SS.
1095 824 1098 829 ·
1153 806 1155 813 '

99 909 166 983 ΡΡ.
195 912 282 985 inde
309 912 354 993 ab
378 911 583 1009 apost-olicis
614 914 854 1017 temporibus,
895 915 981 985 dum

98 1026 294 1111 identidem
320 1048 451 1103 terrent
479 1029 625 1116 fideles,
662 1057 702 1102 ac
731 1031 758 1102 si
789 1029 982 1103 novissima

97 1143 165 1217 iam
209 1165 326 1216 essent
367 1166 556 1241 tempora:
605 1172 711 1242 quam
753 1149 979 1221 traditionem

99 1286 218 1359 operae
245 1261 398 1364 pretium
430 1246 483 1335 est
507 1263 566 1341 hic
592 1264 779 1360 explicare.
841 1263 873 1337 Sss
900 1264 982 1336 Bar·
1071 1310 1074 1320 ·

97 1378 207 1450 nabas
224 1378 262 1447 in
283 1379 401 1474 priore
418 1379 477 1451 illa
498 1381 566 1451 luae
585 1379 879 1478 epistolaepatte,
900 1359 979 1476 quat

99 1495 152 1567 ex'
172 1495 253 1566 solo
287 1515 406 1567 vetere
438 1494 549 1567 latino
584 1497 774 1594 interprete
805 1498 978 1570 habeturz

97 1610 410 1698 „Consummata,
437 1612 485 1684 ait
502 1609 560 1702 a),
580 1615 747 1702 tentatio,
763 1615 854 1696 sicut
878 1615 982 1711 lcrip·

97 1746 168 1801 tum
197 1747 275 1816 est,
304 1728 390 1800 sicut
415 1727 561 1801 Daniel
580 1729 691 1817 dixit,
718 1730 980 1834 appropinqua·

97 1845 155 1919 vit.
208 1844 452 1942 Propterthoc
479 1845 570 1917 enim
597 1845 778 1920 Dominus
803 1847 980 1920 interdicit

98 1962 267 2060 tempori,
292 1983 328 2034 et
349 1961 435 2048 diei,
459 1983 499 2034 ut
519 1967 692 2039 acceleret
714 1963 862 2038 dilectus
888 1965 979 2039 illius

98 2080 139 2151 ad
152 2079 393 2152 haereditatem
407 2082 545 2151 luam.“
573 2079 711 2182 Opinio
726 2108 837 2185 porro
851 2083 883 2153 S.
897 2082 982 2153 Bar·

100 2195 195 2266 naba
218 2197 265 2266 de
288 2198 349 2268 sex
372 2197 466 2268 mille
491 2195 591 2267 annis
613 2223 726 2292 usque
747 2200 791 2268 ad
815 2223 980 2270 consum·

99 2312 420 2396 mationemhuius
449 2314 566 2386 laeculi
594 2315 759 2409 congruit
790 2314 886 2395 iuxta
915 2317 984 2385 cal·

100 2429 395 2511 culum'LXXlI.
426 2429 506 2511 lntt.
537 2429 756 2527 persuasioni
784 2430 982 2533 antiquissi-

97 2570 234 2625 morum
257 2545 327 2617 ΡΡ.
349 2545 429 2641 qui,
456 2566 496 2618 ut
516 2573 603 2619 mox
622 2547 846 2633 videbimus,
871 2565 980 2644 atque
1056 2626 1059 2635 ,

101 2661 183 2734 alibi
200 2662 268 2734 lam
289 2663 543 2760 explicavimus
569 2663 753 2762 septimum
776 2663 978 2736 milliarium

98 2778 240 2851 sabbato
262 2778 299 2850 in
325 2762 391 2852 hac
417 2783 475 2853 vel
499 2786 605 2854 altera
631 2783 704 2860 vita
733 2784 907 2879 deputant
928 2779 977 2870 b).

98 2892 299 2977 Generatim
318 2897 476 2993 loquitur
494 2897 525 2969 8.
546 2899 701 2994 lgnatius
715 2899 777 2969 Μ.
798 2902 841 2971 ad
860 2900 982 2996 Ephe-

98 3011 167 3083 sios
187 3013 343 3086 lcribens
362 3011 418 3103 c):
446 3066 468 3100 „
480 3013 685 3099 Novissima
703 3015 790 3102 iam,
811 3017 875 3103 ait,
899 3019 981 3089 sunt

96 3148 279 3227 tempora:
319 3156 567 3218 revereamur,
609 3153 647 3204 et
679 3128 864 3204 timeamus
906 3132 980 3204 Dei

95 3246 419 3342 longanimitatem,
456 3259 502 3317 ne'
530 3247 565 3316 in
593 3249 762 3319 iudicium
792 3248 898 3330 nobis
927 3275 980 3321 ce-

95 3361 197 3436 dat.“
247 3364 388 3435 Eodem
413 3365 539 3436 saeculo
561 3363 605 3436 ΙΙ.
628 3362 820 3436 novissima
844 3387 979 3464 tempo·

94 3502 131 3550 ra
154 3459 318 3574 agnoscit
349 3481 381 3553 S.
413 3481 569 3553 lustinus
604 3482 664 3552 M.
698 3481 734 3551 in
766 3481 862 3561 Dial.
897 3510 978 3555 cum

96 3593 302 3693 Tryphone
320 3594 377 3687 (ὓς
406 3598 672 3683 „Currentibus
697 3599 740 3667 ad
764 3600 871 3678 finem
896 3621 980 3678 tem-

78 3792 80 3799 ,
102 3713 273 3809 poribus,
300 3714 439 3810 iamque
468 3726 514 3787 eo
539 3741 606 3812 pro
633 3715 768 3791 foribus
796 3716 980 3808 adstante,

129 3849 159 3923 a)
184 3854 259 3923 Apud
283 3857 361 3910 Cotrl.
388 3859 447 3911 PF.
475 3859 534 3912 ΛΑ.
566 3857 643 3912 T.J.
669 3871 695 3926 p.
717 3867 759 3922 58-
846 3854 876 3924 b)
904 3857 977 3908 Eccl.

159 3927 239 3977 milit.
255 3944 361 3992 regnum
382 3929 479 3989 Christi
496 3931 523 3980 in
542 3930 617 3988 terris
638 3929 670 3989 T,
687 3925 713 3980 I.
734 3945 756 3980 c.
774 3936 799 3987 8,
816 3940 843 3996 p.
869 3930 911 3980 26.
927 3933 978 3980 etc.

78 4054 102 4070 Η
160 3989 189 4061 c)
211 3995 270 4066 Cap.
292 3996 347 4050 XI.
432 3993 463 4064 d)
481 3999 565 4065 Num.
585 4010 629 4065 32.
646 4010 673 4066 p.
696 4011 755 4062 129,
