<?xml version="1.0" encoding="UTF-8"?>
<!DOCTYPE html PUBLIC "-//W3C//DTD XHTML 1.0 Transitional//EN"
    "http://www.w3.org/TR/xhtml1/DTD/xhtml1-transitional.dtd">
<html xmlns="http://www.w3.org/1999/xhtml" xml:lang="en" lang="en">
 <head>
  <title>
</title>
<meta http-equiv="Content-Type" content="text/html;charset=utf-8" />
  <meta name='ocr-system' content='tesseract 3.04.00' />
  <meta name='ocr-capabilities' content='ocr_page ocr_carea ocr_par ocr_line ocrx_word'/>
</head>
<body>
  <div class='ocr_page' id='page_1' title='image "./desublimiinevan03gerbgoog_0128.png"; bbox 0 0 2604 4696; ppageno 0'>
   <div class='ocr_carea' id='block_1_1' title="bbox 22 299 1164 3356">
    <p class='ocr_par' dir='ltr' id='par_1_1' title="bbox 43 299 1164 1488">
     <span class='ocr_line' id='line_1_1' title="bbox 371 299 920 382; baseline -0.002 0"><span class='ocrx_word' id='word_1_1' title='bbox 371 299 604 342; x_wconf 69' lang='lat'>&#39;&#39;¹¹¹&#39;&#39;-</span> <span class='ocrx_word' id='word_1_2' title='bbox 816 311 818 336; x_wconf 80' lang='lat'><em>²</em></span> <span class='ocrx_word' id='word_1_3' title='bbox 856 331 920 382; x_wconf 59' lang='grc' dir='ltr'>ιιι</span> 
     </span>
     <span class='ocr_line' id='line_1_2' title="bbox 52 440 1066 547; baseline -0.002 -15"><span class='ocrx_word' id='word_1_4' title='bbox 52 483 155 533; x_wconf 86' lang='lat' dir='ltr'>nemo</span> <span class='ocrx_word' id='word_1_5' title='bbox 166 440 380 530; x_wconf 80' lang='lat' dir='ltr'>considerat.</span> <span class='ocrx_word' id='word_1_6' title='bbox 400 453 512 547; x_wconf 85' lang='lat' dir='ltr'>Quod</span> <span class='ocrx_word' id='word_1_7' title='bbox 526 474 698 528; x_wconf 79' lang='lat' dir='ltr'>metueret</span> <span class='ocrx_word' id='word_1_8' title='bbox 713 457 925 530; x_wconf 83' lang='lat' dir='ltr'>conscientia</span> <span class='ocrx_word' id='word_1_9' title='bbox 950 447 1066 512; x_wconf 55' lang='grc' dir='ltr'>ΕΔΜ</span> 
     </span>
     <span class='ocr_line' id='line_1_3' title="bbox 45 564 1164 666; baseline -0.003 -19"><span class='ocrx_word' id='word_1_10' title='bbox 45 599 183 662; x_wconf 86' lang='lat' dir='ltr'>nostra,</span> <span class='ocrx_word' id='word_1_11' title='bbox 202 573 233 645; x_wconf 86' lang='lat' dir='ltr'>si</span> <span class='ocrx_word' id='word_1_12' title='bbox 247 567 430 654; x_wconf 81' lang='lat' dir='ltr'>cr&#39;ederet3</span> <span class='ocrx_word' id='word_1_13' title='bbox 450 570 529 666; x_wconf 87' lang='lat' dir='ltr'>quia</span> <span class='ocrx_word' id='word_1_14' title='bbox 545 597 619 644; x_wconf 90' lang='lat' dir='ltr'>non</span> <span class='ocrx_word' id='word_1_15' title='bbox 634 573 744 644; x_wconf 89' lang='lat' dir='ltr'>oredit</span> <span class='ocrx_word' id='word_1_16' title='bbox 765 576 925 660; x_wconf 85' lang='lat' dir='ltr'>omnino,</span> <span class='ocrx_word' id='word_1_17' title='bbox 943 564 1073 628; x_wconf 79' lang='lat' dir='ltr'>cxxix.</span> <span class='ocrx_word' id='word_1_18' title='bbox 1161 597 1164 604; x_wconf 87' lang='lat'>·</span> 
     </span>
     <span class='ocr_line' id='line_1_4' title="bbox 44 677 1081 775; baseline -0.003 -11"><span class='ocrx_word' id='word_1_19' title='bbox 44 719 109 764; x_wconf 91' lang='lat' dir='ltr'>nec</span> <span class='ocrx_word' id='word_1_20' title='bbox 136 689 281 764; x_wconf 89' lang='lat' dir='ltr'>metuit:</span> <span class='ocrx_word' id='word_1_21' title='bbox 308 689 337 760; x_wconf 79' lang='lat' dir='ltr'>si</span> <span class='ocrx_word' id='word_1_22' title='bbox 360 677 480 760; x_wconf 86' lang='lat' dir='ltr'>autem</span> <span class='ocrx_word' id='word_1_23' title='bbox 504 689 681 775; x_wconf 83' lang='lat' dir='ltr'>crederet,</span> <span class='ocrx_word' id='word_1_24' title='bbox 710 711 744 762; x_wconf 90' lang='lat' dir='ltr'>et</span> <span class='ocrx_word' id='word_1_25' title='bbox 767 688 1081 762; x_wconf 49' lang='lat' dir='ltr'>caverem*vv</span> 
     </span>
     <span class='ocr_line' id='line_1_5' title="bbox 44 797 928 896; baseline -0.001 -17"><span class='ocrx_word' id='word_1_26' title='bbox 44 809 72 879; x_wconf 90' lang='lat' dir='ltr'>si</span> <span class='ocrx_word' id='word_1_27' title='bbox 111 797 285 892; x_wconf 81' lang='lat' dir='ltr'>caveret,</span> <span class='ocrx_word' id='word_1_28' title='bbox 327 804 506 896; x_wconf 78' lang='lat' dir='ltr'>evaderet.</span> <span class='ocrx_word' id='word_1_29' title='bbox 584 805 789 879; x_wconf 89' lang='lat' dir='ltr'>Excitemus</span> <span class='ocrx_word' id='word_1_30' title='bbox 833 835 928 894; x_wconf 88' lang='lat' dir='ltr'>nos,</span> 
     </span>
     <span class='ocr_line' id='line_1_6' title="bbox 43 920 930 1019; baseline 0 -24"><span class='ocrx_word' id='word_1_31' title='bbox 43 946 217 1019; x_wconf 89' lang='lat' dir='ltr'>quantum</span> <span class='ocrx_word' id='word_1_32' title='bbox 244 947 456 1019; x_wconf 86' lang='lat' dir='ltr'>possumus,</span> <span class='ocrx_word' id='word_1_33' title='bbox 484 920 700 994; x_wconf 84' lang='lat' dir='ltr'>dilectissimi</span> <span class='ocrx_word' id='word_1_34' title='bbox 714 925 867 1009; x_wconf 76' lang='lat' dir='ltr'>iratres,</span> <span class='ocrx_word' id='word_1_35' title='bbox 894 943 930 996; x_wconf 87' lang='lat' dir='ltr'>et</span> 
     </span>
     <span class='ocr_line' id='line_1_7' title="bbox 43 1037 931 1134; baseline 0 -22"><span class='ocrx_word' id='word_1_36' title='bbox 43 1043 173 1112; x_wconf 81' lang='lat' dir='ltr'>somno</span> <span class='ocrx_word' id='word_1_37' title='bbox 200 1038 343 1134; x_wconf 70' lang='lat' dir='ltr'>inertiae</span> <span class='ocrx_word' id='word_1_38' title='bbox 369 1037 497 1110; x_wconf 86' lang='lat' dir='ltr'>veteris</span> <span class='ocrx_word' id='word_1_39' title='bbox 524 1038 698 1134; x_wconf 80' lang='lat' dir='ltr'>abrupto,</span> <span class='ocrx_word' id='word_1_40' title='bbox 739 1043 784 1112; x_wconf 85' lang='lat' dir='ltr'>ad</span> <span class='ocrx_word' id='word_1_41' title='bbox 811 1041 931 1114; x_wconf 88' lang='lat' dir='ltr'>obser-</span> 
     </span>
     <span class='ocr_line' id='line_1_8' title="bbox 44 1151 930 1253; baseline -0.001 -23"><span class='ocrx_word' id='word_1_42' title='bbox 44 1158 164 1231; x_wconf 87' lang='lat' dir='ltr'>vanda</span> <span class='ocrx_word' id='word_1_43' title='bbox 191 1153 227 1228; x_wconf 80' lang='lat' dir='ltr'>et</span> <span class='ocrx_word' id='word_1_44' title='bbox 248 1151 404 1252; x_wconf 85' lang='lat' dir='ltr'>gerenda</span> <span class='ocrx_word' id='word_1_45' title='bbox 429 1154 581 1244; x_wconf 83' lang='lat' dir='ltr'>Domini</span> <span class='ocrx_word' id='word_1_46' title='bbox 606 1177 785 1253; x_wconf 81' lang='lat' dir='ltr'>praecepta</span> <span class='ocrx_word' id='word_1_47' title='bbox 809 1157 930 1253; x_wconf 84' lang='lat' dir='ltr'>vigile·</span> 
     </span>
     <span class='ocr_line' id='line_1_9' title="bbox 44 1273 929 1371; baseline 0 -25"><span class='ocrx_word' id='word_1_48' title='bbox 44 1299 133 1346; x_wconf 89' lang='lat' dir='ltr'>mus.</span> <span class='ocrx_word' id='word_1_49' title='bbox 207 1273 320 1345; x_wconf 91' lang='lat' dir='ltr'>Simus</span> <span class='ocrx_word' id='word_1_50' title='bbox 351 1276 460 1359; x_wconf 88' lang='lat' dir='ltr'>tales,</span> <span class='ocrx_word' id='word_1_51' title='bbox 499 1277 619 1368; x_wconf 86' lang='lat' dir='ltr'>quales</span> <span class='ocrx_word' id='word_1_52' title='bbox 649 1299 726 1346; x_wconf 84' lang='lat' dir='ltr'>esse</span> <span class='ocrx_word' id='word_1_53' title='bbox 755 1301 820 1352; x_wconf 89' lang='lat' dir='ltr'>nos</span> <span class='ocrx_word' id='word_1_54' title='bbox 849 1275 929 1371; x_wconf 83' lang='lat' dir='ltr'>ipse</span> 
     </span>
     <span class='ocr_line' id='line_1_10' title="bbox 45 1391 928 1488; baseline -0.003 -25"><span class='ocrx_word' id='word_1_55' title='bbox 45 1391 215 1488; x_wconf 75' lang='lat' dir='ltr'>praecepit</span> <span class='ocrx_word' id='word_1_56' title='bbox 245 1391 388 1461; x_wconf 83' lang='lat' dir='ltr'>dicens:</span> <span class='ocrx_word' id='word_1_57' title='bbox 428 1399 497 1460; x_wconf 80' lang='lat' dir='ltr'>Sint</span> <span class='ocrx_word' id='word_1_58' title='bbox 525 1398 619 1462; x_wconf 81' lang='lat' dir='ltr'>lumbi</span> <span class='ocrx_word' id='word_1_59' title='bbox 647 1404 746 1463; x_wconf 84' lang='lat' dir='ltr'>uestri</span> <span class='ocrx_word' id='word_1_60' title='bbox 776 1403 928 1478; x_wconf 77' lang='lat' dir='ltr'><em>accincti,</em></span> 
     </span>
    </p>

    <p class='ocr_par' dir='ltr' id='par_1_2' title="bbox 41 1512 934 2890">
     <span class='ocr_line' id='line_1_11' title="bbox 41 1512 931 1592; baseline -0.003 -12"><span class='ocrx_word' id='word_1_61' title='bbox 41 1531 72 1580; x_wconf 75' lang='lat' dir='ltr'>tt</span> <span class='ocrx_word' id='word_1_62' title='bbox 94 1519 223 1580; x_wconf 75' lang='lat' dir='ltr'>lucerna</span> <span class='ocrx_word' id='word_1_63' title='bbox 246 1517 406 1576; x_wconf 73' lang='lat' dir='ltr'><em>ardentes:</em></span> <span class='ocrx_word' id='word_1_64' title='bbox 432 1527 463 1578; x_wconf 88' lang='lat' dir='ltr'>et</span> <span class='ocrx_word' id='word_1_65' title='bbox 481 1534 540 1578; x_wconf 83' lang='lat' dir='ltr'>nor</span> <span class='ocrx_word' id='word_1_66' title='bbox 554 1512 670 1592; x_wconf 75' lang='lat' dir='ltr'>similes</span> <span class='ocrx_word' id='word_1_67' title='bbox 690 1518 861 1579; x_wconf 84' lang='lat' dir='ltr'>hominibus</span> <span class='ocrx_word' id='word_1_68' title='bbox 878 1536 931 1579; x_wconf 87' lang='lat' dir='ltr'>ex·</span> 
     </span>
     <span class='ocr_line' id='line_1_12' title="bbox 44 1631 932 1715; baseline -0.002 -17"><span class='ocrx_word' id='word_1_69' title='bbox 44 1635 253 1715; x_wconf 77' lang='lat' dir='ltr'>spectantibus</span> <span class='ocrx_word' id='word_1_70' title='bbox 278 1631 444 1694; x_wconf 87' lang='lat' dir='ltr'>Dominum</span> <span class='ocrx_word' id='word_1_71' title='bbox 462 1631 585 1710; x_wconf 84' lang='lat' dir='ltr'>suum,</span> <span class='ocrx_word' id='word_1_72' title='bbox 623 1635 746 1715; x_wconf 84' lang='lat' dir='ltr'>qnando</span> <span class='ocrx_word' id='word_1_73' title='bbox 775 1637 883 1697; x_wconf 85' lang='lat' dir='ltr'>veniat</span> <span class='ocrx_word' id='word_1_74' title='bbox 908 1652 932 1696; x_wconf 81' lang='lat' dir='ltr'>u</span> 
     </span>
     <span class='ocr_line' id='line_1_13' title="bbox 45 1723 931 1832; baseline 0.001 -21"><span class='ocrx_word' id='word_1_75' title='bbox 45 1753 163 1832; x_wconf 82' lang='lat' dir='ltr'>nuptiis</span> <span class='ocrx_word' id='word_1_76' title='bbox 173 1723 186 1826; x_wconf 28' lang='grc' dir='ltr'>,Ι</span> <span class='ocrx_word' id='word_1_77' title='bbox 211 1762 248 1810; x_wconf 83' lang='lat' dir='ltr'>at</span> <span class='ocrx_word' id='word_1_78' title='bbox 269 1768 337 1811; x_wconf 85' lang='lat' dir='ltr'>cum</span> <span class='ocrx_word' id='word_1_79' title='bbox 355 1753 493 1826; x_wconf 80' lang='lat' dir='ltr'>uenerit,</span> <span class='ocrx_word' id='word_1_80' title='bbox 519 1761 550 1810; x_wconf 84' lang='lat' dir='ltr'>et</span> <span class='ocrx_word' id='word_1_81' title='bbox 563 1735 760 1830; x_wconf 79' lang='lat' dir='ltr'>pulsauerit,</span> <span class='ocrx_word' id='word_1_82' title='bbox 788 1755 931 1832; x_wconf 83' lang='lat' dir='ltr'>operiant</span> 
     </span>
     <span class='ocr_line' id='line_1_14' title="bbox 46 1865 930 1948; baseline -0.002 -18"><span class='ocrx_word' id='word_1_83' title='bbox 46 1872 79 1930; x_wconf 86' lang='lat' dir='ltr'>ti.</span> <span class='ocrx_word' id='word_1_84' title='bbox 146 1868 243 1929; x_wconf 83' lang='lat' dir='ltr'>Beati</span> <span class='ocrx_word' id='word_1_85' title='bbox 256 1865 347 1945; x_wconf 68' lang='lat' dir='ltr'>strui</span> <span class='ocrx_word' id='word_1_86' title='bbox 375 1866 445 1942; x_wconf 79' lang='lat' dir='ltr'>itti,</span> <span class='ocrx_word' id='word_1_87' title='bbox 481 1885 557 1948; x_wconf 79' lang='lat' dir='ltr'>quor</span> <span class='ocrx_word' id='word_1_88' title='bbox 586 1869 750 1931; x_wconf 82' lang='lat' dir='ltr'>adveniens</span> <span class='ocrx_word' id='word_1_89' title='bbox 780 1868 930 1929; x_wconf 78' lang='lat' dir='ltr'><em>Dominus</em></span> 
     </span>
     <span class='ocr_line' id='line_1_15' title="bbox 45 1967 932 2072; baseline 0.005 -26"><span class='ocrx_word' id='word_1_90' title='bbox 45 1987 199 2049; x_wconf 75' lang='lat' dir='ltr'>invenerit</span> <span class='ocrx_word' id='word_1_91' title='bbox 219 1983 395 2059; x_wconf 79' lang='lat' dir='ltr'>vigitantes.</span> <span class='ocrx_word' id='word_1_92' title='bbox 431 1971 626 2046; x_wconf 83' lang='lat' dir='ltr'>Accinctos</span> <span class='ocrx_word' id='word_1_93' title='bbox 645 2001 712 2047; x_wconf 90' lang='lat' dir='ltr'>nos</span> <span class='ocrx_word' id='word_1_94' title='bbox 733 2001 806 2048; x_wconf 85' lang='lat' dir='ltr'>esse</span> <span class='ocrx_word' id='word_1_95' title='bbox 820 1967 932 2072; x_wconf 59' lang='lat' dir='ltr'>&#39;opon-</span> 
     </span>
     <span class='ocr_line' id='line_1_16' title="bbox 48 2090 933 2188; baseline -0.002 -24"><span class='ocrx_word' id='word_1_96' title='bbox 48 2112 111 2182; x_wconf 89' lang='lat' dir='ltr'>tet‚</span> <span class='ocrx_word' id='word_1_97' title='bbox 140 2119 189 2165; x_wconf 87' lang='lat' dir='ltr'>ne</span> <span class='ocrx_word' id='word_1_98' title='bbox 220 2119 300 2166; x_wconf 90' lang='lat' dir='ltr'>cum</span> <span class='ocrx_word' id='word_1_99' title='bbox 328 2090 563 2188; x_wconf 85' lang='lat' dir='ltr'>expeditionis</span> <span class='ocrx_word' id='word_1_100' title='bbox 586 2090 661 2162; x_wconf 89' lang='lat' dir='ltr'>dies</span> <span class='ocrx_word' id='word_1_101' title='bbox 683 2093 841 2179; x_wconf 86' lang='lat' dir='ltr'>venerit,</span> <span class='ocrx_word' id='word_1_102' title='bbox 869 2092 933 2162; x_wconf 90' lang='lat' dir='ltr'>im·</span> 
     </span>
     <span class='ocr_line' id='line_1_17' title="bbox 49 2206 932 2307; baseline -0.006 -25"><span class='ocrx_word' id='word_1_103' title='bbox 49 2212 188 2307; x_wconf 87' lang='lat' dir='ltr'>peditos</span> <span class='ocrx_word' id='word_1_104' title='bbox 211 2236 278 2282; x_wconf 89' lang='lat' dir='ltr'>nos</span> <span class='ocrx_word' id='word_1_105' title='bbox 302 2228 336 2282; x_wconf 87' lang='lat' dir='ltr'>et</span> <span class='ocrx_word' id='word_1_106' title='bbox 357 2206 547 2305; x_wconf 88' lang='lat' dir='ltr'>implicitos</span> <span class='ocrx_word' id='word_1_107' title='bbox 570 2206 823 2303; x_wconf 86' lang='lat' dir='ltr'>apprehendat.</span> <span class='ocrx_word' id='word_1_108' title='bbox 862 2207 932 2278; x_wconf 90' lang='lat' dir='ltr'>Lu·</span> 
     </span>
     <span class='ocr_line' id='line_1_18' title="bbox 50 2307 931 2422; baseline -0.005 -24"><span class='ocrx_word' id='word_1_109' title='bbox 50 2310 122 2400; x_wconf 76' lang='lat' dir='ltr'>teat</span> <span class='ocrx_word' id='word_1_110' title='bbox 150 2326 317 2398; x_wconf 86' lang='lat' dir='ltr'>inbonis</span> <span class='ocrx_word' id='word_1_111' title='bbox 342 2307 513 2422; x_wconf 77' lang='lat' dir='ltr'>operibus</span> <span class='ocrx_word' id='word_1_112' title='bbox 540 2343 700 2397; x_wconf 85' lang='lat' dir='ltr'>nostrum</span> <span class='ocrx_word' id='word_1_113' title='bbox 726 2325 868 2408; x_wconf 89' lang='lat' dir='ltr'>lumen,</span> <span class='ocrx_word' id='word_1_114' title='bbox 896 2342 931 2394; x_wconf 87' lang='lat' dir='ltr'>et</span> 
     </span>
     <span class='ocr_line' id='line_1_19' title="bbox 47 2438 932 2540; baseline -0.007 -23"><span class='ocrx_word' id='word_1_115' title='bbox 47 2444 203 2540; x_wconf 80' lang='lat' dir='ltr'>fulgeat,</span> <span class='ocrx_word' id='word_1_116' title='bbox 238 2463 279 2516; x_wconf 89' lang='lat' dir='ltr'>ut</span> <span class='ocrx_word' id='word_1_117' title='bbox 304 2441 421 2540; x_wconf 80' lang='lat' dir='ltr'>ipsum</span> <span class='ocrx_word' id='word_1_118' title='bbox 450 2467 517 2514; x_wconf 90' lang='lat' dir='ltr'>nos</span> <span class='ocrx_word' id='word_1_119' title='bbox 546 2442 592 2512; x_wconf 90' lang='lat' dir='ltr'>ad</span> <span class='ocrx_word' id='word_1_120' title='bbox 622 2443 737 2513; x_wconf 85' lang='lat' dir='ltr'>lucem</span> <span class='ocrx_word' id='word_1_121' title='bbox 770 2438 932 2514; x_wconf 81' lang='lat' dir='ltr'>claritatis</span> 
     </span>
     <span class='ocr_line' id='line_1_20' title="bbox 51 2557 933 2654; baseline -0.003 -24"><span class='ocrx_word' id='word_1_122' title='bbox 51 2583 186 2634; x_wconf 78' lang='lat' dir='ltr'>aeternae</span> <span class='ocrx_word' id='word_1_123' title='bbox 211 2561 256 2630; x_wconf 86' lang='lat' dir='ltr'>de</span> <span class='ocrx_word' id='word_1_124' title='bbox 276 2559 342 2630; x_wconf 91' lang='lat' dir='ltr'>hac</span> <span class='ocrx_word' id='word_1_125' title='bbox 361 2558 479 2633; x_wconf 78' lang='lat' dir='ltr'>saeculi</span> <span class='ocrx_word' id='word_1_126' title='bbox 497 2577 603 2631; x_wconf 88' lang='lat' dir='ltr'>nocte</span> <span class='ocrx_word' id='word_1_127' title='bbox 625 2558 809 2654; x_wconf 88' lang='lat' dir='ltr'>perducat.</span> <span class='ocrx_word' id='word_1_128' title='bbox 860 2557 933 2628; x_wconf 86' lang='lat' dir='ltr'>Ex-</span> 
     </span>
     <span class='ocr_line' id='line_1_21' title="bbox 51 2660 934 2774; baseline -0.003 -26"><span class='ocrx_word' id='word_1_129' title='bbox 51 2697 249 2774; x_wconf 79' lang='lat' dir='ltr'>spectemus</span> <span class='ocrx_word' id='word_1_130' title='bbox 269 2675 404 2748; x_wconf 83' lang='lat' dir='ltr'>solliciti</span> <span class='ocrx_word' id='word_1_131' title='bbox 421 2677 557 2774; x_wconf 79' lang='lat' dir='ltr'>semper</span> <span class='ocrx_word' id='word_1_132' title='bbox 577 2696 612 2748; x_wconf 80' lang='lat' dir='ltr'>et</span> <span class='ocrx_word' id='word_1_133' title='bbox 629 2675 721 2750; x_wconf 87' lang='lat' dir='ltr'>cauti</span> <span class='ocrx_word' id='word_1_134' title='bbox 739 2660 934 2747; x_wconf 80' lang='lat' dir='ltr'>adventum</span> 
     </span>
     <span class='ocr_line' id='line_1_22' title="bbox 51 2791 934 2890; baseline -0.001 -26"><span class='ocrx_word' id='word_1_135' title='bbox 51 2791 204 2867; x_wconf 87' lang='lat' dir='ltr'>Domini</span> <span class='ocrx_word' id='word_1_136' title='bbox 225 2793 473 2889; x_wconf 88' lang='lat' dir='ltr'>repentinum,</span> <span class='ocrx_word' id='word_1_137' title='bbox 508 2813 548 2866; x_wconf 91' lang='lat' dir='ltr'>ut</span> <span class='ocrx_word' id='word_1_138' title='bbox 569 2795 715 2890; x_wconf 89' lang='lat' dir='ltr'>quando</span> <span class='ocrx_word' id='word_1_139' title='bbox 738 2792 797 2864; x_wconf 90' lang='lat' dir='ltr'>ille</span> <span class='ocrx_word' id='word_1_140' title='bbox 820 2796 934 2889; x_wconf 86' lang='lat' dir='ltr'>pulsa-</span> 
     </span>
    </p>

    <p class='ocr_par' dir='ltr' id='par_1_3' title="bbox 22 2895 1035 3356">
     <span class='ocr_line' id='line_1_23' title="bbox 22 2895 972 3006; baseline -0.002 -24"><span class='ocrx_word' id='word_1_141' title='bbox 22 2907 25 2920; x_wconf 53' lang='lat'><em>*</em></span> <span class='ocrx_word' id='word_1_142' title='bbox 50 2913 158 2998; x_wconf 90' lang='lat' dir='ltr'>verit,</span> <span class='ocrx_word' id='word_1_143' title='bbox 188 2897 333 3005; x_wconf 85' lang='lat' dir='ltr'>evigilet</span> <span class='ocrx_word' id='word_1_144' title='bbox 358 2911 447 2983; x_wconf 85' lang='lat' dir='ltr'>fides</span> <span class='ocrx_word' id='word_1_145' title='bbox 470 2931 610 2998; x_wconf 89' lang='lat' dir='ltr'>nostra,</span> <span class='ocrx_word' id='word_1_146' title='bbox 636 2909 828 3006; x_wconf 75' lang='lat' dir='ltr'>vigilantiae</span> <span class='ocrx_word' id='word_1_147' title='bbox 850 2935 934 3006; x_wconf 65' lang='lat' dir='ltr'>praa.</span> <span class='ocrx_word' id='word_1_148' title='bbox 970 2895 972 2898; x_wconf 29' lang='lat'>⁵</span> 
     </span>
     <span class='ocr_line' id='line_1_24' title="bbox 54 3023 1035 3124; baseline 0.001 -27"><span class='ocrx_word' id='word_1_149' title='bbox 54 3027 158 3102; x_wconf 91' lang='lat' dir='ltr'>mium</span> <span class='ocrx_word' id='word_1_150' title='bbox 180 3029 228 3100; x_wconf 87' lang='lat' dir='ltr'>de</span> <span class='ocrx_word' id='word_1_151' title='bbox 249 3023 414 3100; x_wconf 89' lang='lat' dir='ltr'>Domino</span> <span class='ocrx_word' id='word_1_152' title='bbox 436 3047 633 3124; x_wconf 86' lang='lat' dir='ltr'>receptura.</span> <span class='ocrx_word' id='word_1_153' title='bbox 685 3027 719 3099; x_wconf 88' lang='lat' dir='ltr'>Si</span> <span class='ocrx_word' id='word_1_154' title='bbox 739 3029 816 3100; x_wconf 83' lang='lat' dir='ltr'>hauc</span> <span class='ocrx_word' id='word_1_155' title='bbox 837 3053 935 3100; x_wconf 92' lang='lat' dir='ltr'>man·</span> <span class='ocrx_word' id='word_1_156' title='bbox 964 3059 979 3118; x_wconf 74' lang='lat'>&#39;.</span> <span class='ocrx_word' id='word_1_157' title='bbox 1032 3038 1035 3046; x_wconf 88' lang='lat'>&#39;</span> 
     </span>
     <span class='ocr_line' id='line_1_25' title="bbox 54 3143 935 3240; baseline -0.001 -26"><span class='ocrx_word' id='word_1_158' title='bbox 54 3144 132 3218; x_wconf 87' lang='lat' dir='ltr'>data</span> <span class='ocrx_word' id='word_1_159' title='bbox 151 3147 356 3231; x_wconf 86' lang='lat' dir='ltr'>serventur,</span> <span class='ocrx_word' id='word_1_160' title='bbox 383 3144 410 3215; x_wconf 89' lang='lat' dir='ltr'>si</span> <span class='ocrx_word' id='word_1_161' title='bbox 434 3145 510 3216; x_wconf 85' lang='lat' dir='ltr'>hacc</span> <span class='ocrx_word' id='word_1_162' title='bbox 535 3143 673 3217; x_wconf 91' lang='lat' dir='ltr'>monita</span> <span class='ocrx_word' id='word_1_163' title='bbox 699 3163 935 3240; x_wconf 85' lang='lat' dir='ltr'>etp1·aecepta</span> 
     </span>
     <span class='ocr_line' id='line_1_26' title="bbox 38 3244 937 3356; baseline -0.002 -24"><span class='ocrx_word' id='word_1_164' title='bbox 38 3244 256 3348; x_wconf 61' lang='lat' dir='ltr'>teneantur,</span> <span class='ocrx_word' id='word_1_165' title='bbox 284 3259 436 3356; x_wconf 81' lang='lat' dir='ltr'>opprimi</span> <span class='ocrx_word' id='word_1_166' title='bbox 465 3259 682 3331; x_wconf 83' lang='lat' dir='ltr'>dormientes</span> <span class='ocrx_word' id='word_1_167' title='bbox 704 3258 850 3329; x_wconf 88' lang='lat' dir='ltr'>diabolo</span> <span class='ocrx_word' id='word_1_168' title='bbox 874 3258 937 3330; x_wconf 83' lang='lat' dir='ltr'>fal·</span> 
     </span>
    </p>
   </div>
   <div class='ocr_carea' id='block_1_2' title="bbox 50 3373 1035 4062">
    <p class='ocr_par' dir='ltr' id='par_1_4' title="bbox 50 3373 1035 4062">
     <span class='ocr_line' id='line_1_27' title="bbox 50 3373 935 3474; baseline 0 -26"><span class='ocrx_word' id='word_1_169' title='bbox 50 3379 144 3452; x_wconf 91' lang='lat' dir='ltr'>lente</span> <span class='ocrx_word' id='word_1_170' title='bbox 172 3405 248 3451; x_wconf 90' lang='lat' dir='ltr'>non</span> <span class='ocrx_word' id='word_1_171' title='bbox 275 3402 484 3474; x_wconf 85' lang='lat' dir='ltr'>possumus,</span> <span class='ocrx_word' id='word_1_172' title='bbox 510 3374 602 3449; x_wconf 83' lang='lat' dir='ltr'>servi</span> <span class='ocrx_word' id='word_1_173' title='bbox 631 3373 756 3472; x_wconf 81' lang='lat' dir='ltr'>vigiles</span> <span class='ocrx_word' id='word_1_174' title='bbox 789 3374 935 3473; x_wconf 81' lang='lat' dir='ltr'>Christo</span> 
     </span>
     <span class='ocr_line' id='line_1_28' title="bbox 52 3491 934 3592; baseline 0.001 -27"><span class='ocrx_word' id='word_1_175' title='bbox 52 3494 259 3568; x_wconf 85' lang='lat' dir='ltr'>dominante</span> <span class='ocrx_word' id='word_1_176' title='bbox 283 3495 519 3592; x_wconf 83' lang='lat' dir='ltr'>regnabimus.</span> <span class='ocrx_word' id='word_1_177' title='bbox 532 3496 554 3532; x_wconf 74' lang='lat'>‘⁶</span> <span class='ocrx_word' id='word_1_178' title='bbox 616 3491 778 3590; x_wconf 85' lang='lat' dir='ltr'>Epistola</span> <span class='ocrx_word' id='word_1_179' title='bbox 802 3491 934 3566; x_wconf 83' lang='lat' dir='ltr'><strong>LVIII.</strong></span> 
     </span>
     <span class='ocr_line' id='line_1_29' title="bbox 51 3609 934 3710; baseline -0.003 -25"><span class='ocrx_word' id='word_1_180' title='bbox 51 3615 151 3710; x_wconf 83' lang='lat' dir='ltr'>plebi</span> <span class='ocrx_word' id='word_1_181' title='bbox 182 3609 336 3684; x_wconf 76' lang='lat' dir='ltr'>Thibari</span> <span class='ocrx_word' id='word_1_182' title='bbox 366 3609 571 3684; x_wconf 84' lang='lat' dir='ltr'>consistenti</span> <span class='ocrx_word' id='word_1_183' title='bbox 600 3611 727 3706; x_wconf 88' lang='lat' dir='ltr'>scripta</span> <span class='ocrx_word' id='word_1_184' title='bbox 754 3609 934 3705; x_wconf 80' lang='lat' dir='ltr'>praecisius</span> 
     </span>
     <span class='ocr_line' id='line_1_30' title="bbox 52 3725 931 3826; baseline -0.007 -24"><span class='ocrx_word' id='word_1_185' title='bbox 52 3733 169 3805; x_wconf 85' lang='lat' dir='ltr'>adhuc</span> <span class='ocrx_word' id='word_1_186' title='bbox 197 3728 371 3826; x_wconf 91' lang='lat' dir='ltr'>loquitur,</span> <span class='ocrx_word' id='word_1_187' title='bbox 399 3747 434 3799; x_wconf 90' lang='lat' dir='ltr'>et</span> <span class='ocrx_word' id='word_1_188' title='bbox 461 3725 764 3799; x_wconf 82' lang='lat' dir='ltr'>accommodatius</span> <span class='ocrx_word' id='word_1_189' title='bbox 788 3725 825 3798; x_wconf 94' lang='lat' dir='ltr'>in</span> <span class='ocrx_word' id='word_1_190' title='bbox 853 3752 931 3798; x_wconf 84' lang='lat' dir='ltr'>eam</span> 
     </span>
     <span class='ocr_line' id='line_1_31' title="bbox 52 3839 1035 3942; baseline 0.002 -26"><span class='ocrx_word' id='word_1_191' title='bbox 52 3846 289 3932; x_wconf 73' lang='lat' dir='ltr'>sententiam,&#39;</span> <span class='ocrx_word' id='word_1_192' title='bbox 306 3871 410 3942; x_wconf 88' lang='lat' dir='ltr'>quam</span> <span class='ocrx_word' id='word_1_193' title='bbox 433 3847 540 3940; x_wconf 84' lang='lat' dir='ltr'>paulo</span> <span class='ocrx_word' id='word_1_194' title='bbox 566 3864 646 3923; x_wconf 85' lang='lat' dir='ltr'>ante</span> <span class='ocrx_word' id='word_1_195' title='bbox 670 3839 934 3940; x_wconf 73' lang='lat' dir='ltr'>explicavimu5‚</span> <span class='ocrx_word' id='word_1_196' title='bbox 1034 3905 1035 3918; x_wconf 67' lang='grc'>,</span> 
     </span>
     <span class='ocr_line' id='line_1_32' title="bbox 56 3956 934 4062; baseline -0.005 -28"><span class='ocrx_word' id='word_1_197' title='bbox 56 3963 236 4037; x_wconf 88' lang='lat' dir='ltr'>Christum</span> <span class='ocrx_word' id='word_1_198' title='bbox 257 3991 323 4044; x_wconf 83' lang='lat' dir='ltr'>nos</span> <span class='ocrx_word' id='word_1_199' title='bbox 341 3963 492 4061; x_wconf 86' lang='lat' dir='ltr'>perinde</span> <span class='ocrx_word' id='word_1_200' title='bbox 505 3957 659 4062; x_wconf 82' lang='lat' dir='ltr'>incertos</span> <span class='ocrx_word' id='word_1_201' title='bbox 679 3962 723 4033; x_wconf 92' lang='lat' dir='ltr'>de</span> <span class='ocrx_word' id='word_1_202' title='bbox 738 3956 934 4033; x_wconf 85' lang='lat' dir='ltr'>antichristi</span> 
     </span>
    </p>
   </div>
   <div class='ocr_carea' id='block_1_3' title="bbox 0 0 1308 4696">
    <p class='ocr_par' dir='ltr' id='par_1_5' title="bbox 0 0 1308 4696">
     <span class='ocr_line' id='line_1_33' title="bbox 0 0 1308 4696; baseline 0 0"><span class='ocrx_word' id='word_1_203' title='bbox 0 0 1308 4696; x_wconf 95' lang='lat' dir='ltr'> </span> 
     </span>
    </p>
   </div>
  </div>
 </body>
</html>
