2474 4568
163 429 283 498 >Ostur
315 449 534 526 congruum,
557 452 593 510 et
612 432 831 504 conveniens
852 449 920 518 est,
944 430 1086 505 dicente
1109 433 1193 531 ipso

160 547 289 608 0331st
316 548 480 620 Domino
503 569 646 621 nostro:
673 561 763 639 Aptx
786 577 863 620 unus
890 578 911 618 a
934 560 995 634 tege
1014 572 1045 622 tt
1061 563 1194 650 prophe·
1221 561 1225 568 '

149 661 294 726 'W
311 680 355 738 tis
374 694 433 736 nou
451 676 636 755 preteribit,
664 675 755 735 donec
775 677 880 736 omnia
894 674 987 750 fiant.
1040 665 1194 764 Accepit

310 783 370 854 ille
396 786 534 876 legem,
562 801 596 853 et
626 781 840 877 prophetas,
868 802 903 853 et
928 784 1124 870 conclusit,
1150 802 1192 857 ac

312 898 496 995 suspendit
506 924 568 969 cos
581 898 616 968 in
631 898 975 984 duobus'mandatis‚
996 920 1029 972 et
1044 899 1130 971 nihil
1146 927 1191 973 ex

313 1017 362 1087 eis
380 1015 575 1110 abrogavit.
607 1014 700 1084 Nam
720 1013 746 1099 si
764 1014 994 1110 perpenderis
1008 1017 1102 1089 bene
1116 1043 1191 1089 ver·

312 1132 398 1205 bum
422 1131 530 1217 illud,
555 1132 592 1201 in
615 1157 658 1202 eo
679 1150 833 1203 est-vera
855 1131 1061 1205 observatio
1080 1133 1186 1229 legis;

251 1314 254 1319 .
314 1270 349 1322 et
381 1248 418 1318 id
445 1274 575 1337 omne,
613 1248 713 1342 quod
744 1248 909 1344 scriptum
940 1269 991 1321 est
1019 1250 1056 1320 in
1086 1253 1187 1345 lege,

309 1365 374 1438 sub
396 1366 466 1437 hoc
483 1339 947 1459 verisocomprehenditur:
967 1373 1086 1452 Diliges
1102 1370 1187 1439 etc.“

314 1481 368 1554 Sic
388 1482 490 1555 etia'm
507 1480 538 1552 S.
560 1481 662 1552 Zeno
685 1507 740 1576 ep.
764 1480 982 1553 Veronensis
1001 1481 1117 1553 relatis
1137 1481 1189 1554 iis-

312 1599 393 1670 dem
426 1596 557 1668 Christi
589 1597 732 1669 verbis:
777 1596 941 1686 „Unde‚
980 1597 1097 1694 iuquit
1125 1597 1186 1689 c),

310 1716 534 1790 manifestum
558 1732 628 1801 est,
657 1714 881 1786 dilectionem
904 1715 1062 1800 omnium
1083 1715 1188 1813 virtu·

309 1851 386 1922 ¹tum
414 1831 611 1905 divinarum
636 1858 710 1902 esse
732 1831 959 1904 substantiam
984 1837 1216 1906 naturalem-s

307 1949 379 2043 que
407 1949 623 2042 magistram:
653 1948 822 2043 quoniam
838 1972 896 2020 “ex
922 1952 1000 2045 lege
1026 1949 1185 2039 discitur,

308 2067 369 2138 sed
395 2066 431 2136 in
461 2064 638 2136 mentibus
663 2066 839 2137 nascitura
875 2069 934 2138 lex
972 2066 1079 2138 enim‘
1101 2091 1187 2164 pen·

308 2184 371 2254 det
402 2206 449 2261 <eun
478 2182 664 2267 charitate,
701 2209 774 2253 non
805 2182 1114 2278 charitaspendet
1142 2209 1197 2283 ex,
1225 2256 1227 2269 ,

193 2292 195 2299 ’
279 2296 405 2394 dege,
434 2303 528 2372 sacra
556 2298 734 2394 Scriptura
758 2298 916 2370 dicente:
943 2309 1037 2380 ,Iusto
1056 2309 1108 2372 Iex
1127 2300 1227 2397 noris!

191 2419 198 2429 '
308 2439 354 2488 est
369 2429 495 2506 posita,
507 2423 569 2504 sed
584 2427 751 2505 peccatori.
803 2404 972 2488 Peccator
990 2434 1107 2487 autem
1128 2416 1185 2488 ille

306 2550 379 2617 est,
408 2532 467 2626 qui
491 2532 693 2604 charitatem
718 2559 792 2604 non
814 2516 923 2605 habet
942 2530 1034 2618 Dei,
1063 2559 1107 2605 ac-
1121 2559 1185 2630 per

276 2681 279 2685 ·
306 2648 377 2720 hoc
397 2647 559 2744 operanti
580 2647 664 2719 iram
687 2668 780 2720 recte
800 2649 956 2721 subiacet
972 2650 1086 2743 legi.“
1116 2648 1150 2744 ἢ)

255 2784 258 2790 ’
321 2796 324 2804 ’
378 2764 453 2834 Res
469 2782 554 2833 tunc
568 2762 677 2856 magis
691 2763 944 2850 manifestarit,
963 2766 990 2836 si
1009 2766 1121 2861 ipsam
1130 2771 1187 2840 ”le-

305 2905 385 2976 gem
400 2879 590 2964 charitatis,
606 2904 710 2974 quam
723 2879 836 2974 quivis
849 2880 1013 2977 intelligit
1028 2883 1113 2955 Deo
1127 2886 1184 2956 de·
1220 2891 1227 2910 '

303 2998 413 3067 bitum
427 2997 563 3068 auctori
575 2997 657 3081 suo,
675 2995 740 3068 sub
752 3022 900 3068 examen
911 3023 1093 3073 vocemus.
1122 3012 1184 3094 Qui

300 3122 568 3204 lrabermundata
593 3141 681 3200 mea,
717 3134 757 3186 ut
776 3140 852 3186 uua
877 3115 1048 3187 sententia
1071 3137 1181 3189 totam

301 3257 431 3304 novam
456 3231 571 3324 legem
594 3230 783 3327 Evangelii
805 3231 1058 3328 complectitur
1080 3233 1183 3306 Chri·
1218 3316 1220 3320 ¹

293 3368 371 3422 ,stus
399 3349 454 3420 Jor
478 3348 583 3418 XIV.
607 3374 665 3418 21.
693 3357 852 3434 ecferunt
879 3367 939 3419 eu:
966 3358 1016 3422 ite
1037 3372 1100 3444 est,
1115 3363 1193 3443 -qru‘

294 3474 400 3547 diligit
421 3491 492 3548 me‚·
520 3464 565 3553 ad
591 3465 688 3557 quod
718 3467 827 3558 paulo
854 3485 935 3536 ante
960 3492 994 3538 v.
1028 3487 1083 3555 15.
1114 3467 1180 3539 dis«

295 3581 441 3676 >cipulos
460 3580 620 3677 hortatus
639 3581 769 3652 iuerat:
798 3589 830 3650 Si
852 3592 980 3666 diligitis
1000 3611 1070 3672 me,
1096 3564 1182 3657 man·
1203 3611 1206 3617 ·

277 3705 379 3769 ‘dcta
396 3726 464 3769 meu
474 3706 613 3785 structe.
665 3688 864 3794 Utramque
880 3699 1086 3772 sententiam
1109 3722 1181 3774 una

278 3816 526 3909 complexus,
545 3814 630 3887 dicit
647 3814 829 3912 apostulus
848 3815 874 3887 Ι.
895 3816 986 3890 Cor.·
1000 3817 1106 3890 XVl.
1126 3840 1182 3907 ¹4·

331 3957 362 4032 s)
379 3932 437 4026 tit,
457 3961 484 4024 I.
508 3961 595 4027 Tract.
616 3961 659 4018 ΙΙ.
679 3981 705 4018 n.
726 3976 750 4032 5.
767 3975 795 4034 p.
809 3978 872 4032 44..
