2474 4568
379 254 632 382 ΞΔ
894 282 937 352 31

69 392 178 498 omuid
197 441 308 511 uestro
332 425 542 494 incivitate
558 411 665 510 fiant,
700 449 783 496 vera
811 442 938 521 nempe
967 417 1083 481 clm

34 564 36 567 ·
63 567 92 615 et
117 530 265 613 sincera
282 540 327 611 ad
357 563 461 634 quam
497 538 528 610 S.
555 538 709 611 loannes
734 566 800 612 nos
825 539 1089 613 horta-0XX111·

61 679 135 731 tur:
176 668 214 727 Fi
217 667 282 726 wll
303 651 384 742 mei,
420 683 479 726 uon
508 665 563 726 dt
552 684 671 740 agamus
699 662 814 744 verbo,
849 657 1099 750 ηεᾳυῦΛΝ

24 782 183 861 'dagam
200 783 266 862 scd
282 802 370 863 opere
390 795 421 844 et
443 784 510 844 veri
512 795 586 844 tutte
637 773 806 845 Hoclam
826 775 943 850 estad
1062 790 1066 796 ⁴

62 893 229 964 trutinam
248 884 463 961 vocandum.
514 881 659 983 „Rogo
678 911 729 977 te
751 892 943 987 responde,
1003 934 1006 943 -

62 1035 131 1080 non
157 1007 246 1079 mihi
269 1007 328 1077 sed
356 1005 459 1091 Deo,
489 1023 570 1075 utor
591 991 708 1077 verbis
728 1007 828 1080 Pauli
850 1007 943 1080 Oro·

62 1125 97 1196 sii
122 1120 187 1212 a),
224 1137 298 1193 non
324 1130 451 1207 voce,
473 1122 533 1192 sed
563 1123 801 1216 conscientias
838 1123 867 1195 si
893 1123 943 1196 ita

63 1267 104 1312 ex
126 1259 210 1311 toto
233 1239 340 1310 corde
362 1237 484 1310 Deum
507 1237 640 1337 diligis,
668 1255 706 1310 ut
726 1243 855 1312 nullam
879 1268 942 1312 uns
968 1259 973 1265 '

15 1403 20 1410 -
62 1383 168 1452 quam
195 1355 234 1425 in
263 1380 307 1425 eo
334 1353 608 1448 cogitationem,
646 1379 722 1450 quac
745 1356 880 1452 absque
898 1357 944 1430 ti·-

62 1501 160 1546 more
186 1491 222 1544 et
247 1460 436 1544 dilectione
461 1469 535 1543 Dei
556 1473 703 1567 intelligi
727 1474 854 1569 possit,
884 1474 943 1546 ada

61 1590 201 1662 mittasz
240 1587 269 1660 si
292 1587 344 1677 jta
372 1588 410 1657 in
444 1605 518 1659 tota
547 1589 663 1659 anima·
692 1591 868 1685 sequeris,
900 1609 941 1665 ut
973 1607 984 1660 ’,

59 1709 221 1801 suscepta
246 1706 352 1776 semel
376 1729 488 1776 cruce
504 1703 539 1774 in
562 1709 692 1777 nullam
714 1707 854 1804 penitus
880 1698 943 1780 ob}

59 1822 285 1895 lectationem
314 1820 443 1892 habitae
473 1821 518 1892 ad
545 1840 685 1917 tempus
713 1822 943 1896 iucunditatis

60 1939 246 2016 succedas:
276 1938 305 2022 si
332 1937 377 2009 ita
398 1936 441 2031 in
466 1937 549 2008 totis
574 1939 768 2013 visceribus
794 1944 861 2012 tuis
888 1968 943 2014 ca·
974 1940 977 1945 ’

60 2059 135 2129 lore
166 2053 341 2128 charitatis
371 2055 496 2140 ardes,
535 2076 575 2127 ut
609 2060 679 2128 ulla
707 2058 845 2151 penitus
879 2073 943 2153 per'

62 2190 252 2269 augmenta
283 2171 496 2243 necessitatis
524 2171 943 2268 infirma,c0neupiscen-·

55 2289 114 2367 tiis
141 2307 205 2360 aut
227 2288 408 2359 desideriis
430 2288 683 2384 acquiescasf‘.
723 2288 968 2386 Apologiam'

62 2406 89 2478 is
110 2405 195 2479 lacit
217 2432 282 2502 pro
304 2405 471 2500 magistro
491 2408 554 2478 suo
577 2407 609 2476 S.
633 2405 857 2507 Augustino,
880 2407 944 2502 qui

61 2550 132 2596 una
154 2522 327 2594 sententia
351 2524 395 2594 de
417 2523 543 2595 ordine
572 2523 754 2618 utriusque
778 2523 947 2621 praecepti
979 2555 982 2564 ·

62 2638 240 2714 charitatis
276 2639 394 2710 omnia
433 2641 680 2735 complectitur
716 2642 876 2714 sermone
908 2653 946 2713 de

61 2767 226 2848 disciplina
246 2767 414 2828 christiana
435 2753 477 2844 d)
505 2757 603 2828 iuxta
631 2758 718 2829 illud
746 2758 772 2829 l.
800 2758 852 2831 J0.
879 2757 944 2830 Ν.

62 2899 121 2947 20.
149 2883 182 2942 Si
209 2886 278 2964 quis
305 2883 443 2960 dixerit,
470 2888 616 2966 quoniam
645 2885 736 2959 diligo
767 2883 886 2961 Deum,
914 2894 946 2947 ct‘

53 3001 194 3080 fratrem
199 2997 297 3081 suum
308 2999 424 3074 oderit,
444 3001 576 3060 mendox
590 3012 643 3061 est.
695 2991 822 3076 ,Ecce
843 2992 945 3085 quod

65 3106 211 3179 discitur
225 3105 260 3176 in
275 3096 385 3180 domo
400 3105 613 3201 disciplinae:
636 3105 943 3200 Diligere-Deum,
1034 3162 1037 3167 ,

62 3223 211 3317 diligere
229 3221 450 3317 proximum:
479 3221 600 3292 Deum
623 3241 790 3315 tanquam
811 3221 944 3311 Deum,

63 3337 270 3438 proximum
290 3357 456 3434 tanquam
480 3358 524 3412 te.
578 3337 665 3409 Non
690 3338 783 3410 enim
804 3339 945 3413 invenis

64 3481 185 3551 parem
217 3453 328 3543 Deo,
372 3475 410 3528 ut
439 3456 552 3553 possit
586 3455 648 3528 tibi
684 3453 775 3528 dicit
821 3457 944 3552 Dilige

64 3571 213 3656 Deum,
250 3560 338 3645 siout
367 3573 482 3668 diligis
509 3574 617 3646 illuni.v
684 3570 745 3644 De
777 3573 945 3668 proximo
1018 3615 1019 3618 ¹

10 3764 19 3795 ’-
95 3747 129 3823 a)
155 3742 285 3821 Apologia
308 3753 338 3808 lle
362 3755 468 3808 arbitrii
491 3755 608 3807 libertate
632 3770 657 3806 n.
678 3765 722 3819 31
745 3751 776 3807 T.
796 3753 854 3808 IX.-
873 3745 945 3812 Billa

10 3836 18 3855 ·
124 3821 316 3890 Papias
409 3819 785 3894 ὸ)Ρ..1Ι.Ιφς83η.,.

58 3924 525 4005 TOM.111.1
614 3922 644 3996 F
757 3958 759 3968 s
