2602 4696
270 349 272 356 ⁴
373 355 605 372 m

861 344 926 412 151

54 495 124 542 cum
149 466 223 544 suis
245 469 393 543 asseclis.
452 471 494 542 In
516 470 601 543 actis
622 461 932 554 HistoricoAEccl.
957 466 1074 531 ΟΜ*

51 588 161 658 nostri
183 586 351 684 temporis
369 585 637 660 Vinariensibus
656 608 857 689 recensetur
875 588 927 660 Jo.
949 585 1079 646 CXX¹X·
1160 645 1165 659 ,

47 699 204 776 Balthas.
246 703 464 775 Liiderwald
506 703 652 776 historia
692 703 1085 776 recentiorumvv*

46 839 211 892 motuum
236 821 330 916 apud
352 819 716 917 Protestantessuper
740 824 932 918 apocalyp-

43 935 92 1006 sin
127 963 148 1006 a
183 935 356 1032 Bengelio
386 936 531 1032 eiusque
561 939 803 1036 hyperaspista
831 940 928 1033 Aug'.

44 1051 176 1123 Crusio
197 1053 311 1138 factis,
339 1052 468 1148 quibus
489 1074 603 1126 tamen
625 1055 653 1126 J.
675 1057 769 1150 Aug.
789 1053 932 1127 Ernesti

45 1165 78 1237 in
99 1167 199 1240 Bibt.
225 1169 333 1240 theol.
357 1169 534 1257 ostendit,
563 1195 668 1266 quam
691 1170 831 1243 infirmo
856 1173 928 1243 talo

44 1302 155 1354 toturn
192 1284 278 1355 ittud
311 1287 461 1380 systema
492 1286 624 1358 nitatur
658 1288 766 1360 unico
798 1287 929 1360 scilicet

46 1401 122 1470 loco
152 1400 291 1472 Habac.
319 1400 380 1473 111.
409 1427 443 1476 2.
478 1401 535 1474 Ac
563 1403 590 1476 si
622 1404 671 1476 ibi
699 1403 861 1476 Christus
889 1403 925 1474 in

45 1516 160 1588 medio
191 1542 366 1588 annorum
392 1538 565 1591 venturus
590 1520 735 1593 dicatur.
789 1521 928 1593 Caetera

46 1631 184 1720 omnia,
223 1658 303 1727 quae
332 1633 603 1722 Liiderwaldius
633 1637 669 1708 in
698 1657 773 1710 tota
796 1637 852 1710 illa
879 1635 928 1708 hi-

47 1749 147 1820 storia
182 1750 434 1846 prosequitur,
472 1754 518 1823 ad
552 1753 590 1824 id
623 1753 846 1850 potissimum
879 1755 896 1825 f
913 1795 928 1812 ·

47 1863 157 1952 ciunt,
190 1887 229 1938 ut
250 1867 523 1940 inconstantiam
545 1869 821 1943 Protestantium
846 1897 928 1966 pro·

49 1980 127 2054 dant
164 2003 238 2054 tarn
275 1983 313 2053 in
351 1982 642 2080 interpretatione
676 1989 926 2086 apocalypsis,

50 2120 145 2190 quarn
171 2101 275 2172 etiam
305 2102 396 2173 circa
421 2101 495 2172 eius
519 2123 722 2187 auctorem,
751 2127 786 2176 et
807 2125 926 2176 aucto·

50 2213 203 2304 ritatem,
232 2243 336 2312 quam
366 2243 433 2315 pro
462 2207 577 2289 lubitu
603 2219 838 2305 labefactant,
865 2238 928 2292 aut

51 2329 142 2404 etiam
169 2333 329 2406 doctrina
350 2335 535 2405 temerarie
554 2317 776 2421 abutuntur,¹
795 2353 830 2406 et
856 2361 927 2406 ma·
981 2339 986 2356 “

47 2446 134 2521 xime
156 2449 268 2546 impie
288 2451 324 2522 in
347 2451 560 2546 blasphemo
577 2451 639 2521 illo
657 2451 856 2546 fragmento
880 2451 925 2523 de

50 2562 149 2661 scopo
176 2566 307 2638 Christi
332 2587 368 2640 et
383 2567 689 2664 'apostolorum'in
710 2568 927 2641 constituen-

51 2679 94 2750 do
121 2683 185 2755 nbi
216 2709 329 2778 regno
362 2704 528 2772 terreno,
565 2684 616 2757 uti
646 2685 770 2757 videre
802 2704 853 2757 est
886 2684 924 2756 in

50 2794 199 2872 eiusdem
243 2801 486 2879 Luderwaidii
533 2801 662 2876 notitia
708 2803 753 2876 de
796 2802 922 2877 iisdem

50 2911 255 3012 {saginentis

115 3149 395 3249 Antiquissimos
431 3153 555 3228 Patres
587 3157 779 3250 perplexos
816 3177 925 3248 quam

50 3269 194 3342 maxime
220 3271 347 3342 habuit
372 3295 520 3364 regnum
542 3253 637 3340 mille
661 3291 836 3339 asinorum
865 3265 923 3356 a),

51 3387 142 3474 quod
169 3386 289 3482 primis
320 3385 498 3484 pericopis
526 3385 646 3483 capitis
674 3384 834 3482 vigesimi
861 3385 924 3458 sta·

50 3499 105 3572 tuit
128 3503 160 3574 S.
185 3503 351 3578 Joannes.
401 3505 536 3578 Habuit
560 3503 776 3578 etiam'inter
800 3502 925 3576 Nova·
993 3585 997 3602 Ι

50 3631 145 3691 tores
163 3641 334 3717 patronos
363 3623 437 3695 saec.
465 3623 569 3693 XVI.
597 3623 781 3693 Thomam
809 3621 924 3692 Mun·

51 3753 185 3824 zerum,
220 3735 375 3833 August.
402 3737 560 3824 Weber,
589 3757 624 3808 et
647 3737 746 3808 Joan.
776 3738 820 3808 de
844 3735 922 3808 Lei·

50 3847 111 3922 den
134 3880 232 3926 error
252 3846 318 3926 itle'
335 3853 650 3928 vetustissimorum
675 3852 925 3950 chiliastarum.
1026 3924 1037 3936 ,

77 3992 106 4067 ἅ)
127 4001 187 4058 Wd.
207 3997 236 4058 S,
256 4001 364 4072 August.
383 4002 442 4058 Lib.
463 4001 532 4060 XX.
551 4003 580 4058 dr
597 4004 652 4060 εἰν.
671 4003 726 4057 urz·
739 4013 793 4072 cap.
813 4011 841 4068 z..
947 4074 951 4092 1
975 4071 978 4078 ’
