2474 4568
308 323 360 390 42
633 290 865 346 ..Ε-...Ξ

163 443 283 509 ῧᾸΡΰΤ
313 429 458 522 dicens:
487 458 569 542 Quin
581 453 619 519 'si
639 460 827 541 cognovisses
846 467 877 519 et
894 465 950 535 tu,
968 449 1001 520 it
1016 441 1189 540 quidemin

175 565 272 622 CXV1·
312 578 371 637 hoc
393 579 442 637 die
462 552 536 652 tiso,
557 590 620 656 quo
642 575 685 634 od
696 579 811 654 pacem
824 574 899 636 tibi:
917 592 995 635 nnnc
1015 585 1120 635 nutem
1138 574 1189 635 ab·

154 668 296 749 ΜΝ
310 693 449 756 scondita
475 705 530 753 rint
548 693 586 752 ab
598 692 692 753 oculis
706 693 775 752 tuis.
804 679 892 752 Non
907 680 1057 753 cessavit
1069 665 1188 752 tamen

310 800 473 872 Christus
503 798 612 892 verba
638 799 756 870 salutis
786 797 993 892 impendere
1024 795 1187 893 quotidie

308 917 456 1002 Judaeis‚
475 915 615 986 rediens
629 906 753 1011 ’paucis
770 914 838 987 illis
854 915 978 986 diebus
997 915 1042 985 ad
1061 913 1187 986 urbem

308 1055 347 1108 et
364 1032 519 1105 esuriens
543 1057 664 1103 eorum
684 1034 847 1104 salutem:
869 1051 909 1104 ut
930 1029 1109 1148 discipulis
1129 1019 1189 1102 de·

307 1167 522 1224 monstraret
533 1151 748 1245 exemplum,
764 1173 854 1244 quos
865 1147 908 1220 ad
919 1148 1189 1245 praedicandum

295 1267 546 1361 ‘Evangelium'
558 1266 809 1351 destinaverat3
830 1264 888 1336 sed
905 1265 988 1335 duur
1003 1265 1130 1337 frustra
1142 1248 1190 1353 fn-

308 1403 421 1469 ceree,
441 1382 490 1453 illi
506 1381 579 1454 Dei
596 1382 728 1455 iudicio
746 1380 840 1454 iusto
858 1379 1056 1476 reliquendi
1077 1399 1187 1453 erant.

310 1508 420 1584 Vobis,
445 1517 485 1569 ut
509 1525 570 1570 eos
592 1499 722 1571 Paulus
744 1517 780 1570 et
800 1497 979 1569 Barnabas
1001 1500 1187 1593 alloquun-

243 1616 245 1620 ’
306 1633 380 1702 tur,
411 1624 572 1705 oportebat
598 1627 732 1705 primum
756 1626 840 1706 loqui
867 1625 993 1687 uerbum
1022 1623 1105 1701 Dei,
1126 1622 1189 1702 sed

306 1744 453 1823 qnoniam
474 1742 618 1821 repeditr's
636 1743 729 1819 illud,
754 1754 784 1803 et
802 1742 940 1817 indignos
959 1759 1016 1803 oos
1038 1742 1188 1802 iudicatis

305 1870 415 1920 aterne
438 1860 529 1916 nito:
557 1876 621 1921 ecce
643 1861 851 1947 convenimur
875 1858 1047 1932 adgentes.

314 1948 316 1950 ,
349 1960 353 1967 ⁴
382 1963 751 2065 Animadvertendum
769 1989 857 2036 vero
877 1984 948 2049 est,
976 1964 1077 2059 quod
1099 1962 1188 2038 dicit
1226 1964 1228 1974 ’

306 2083 543 2174 evangelista,
577 2079 759 2153 Christum
786 2107 865 2153 cum
893 2080 1050 2152 venisset
1065 2082 1122 2169 ¹ad
1147 2082 1187 2154 fi·

306 2223 405 2284 cum,
426 2197 511 2268 nihil
530 2197 707 2270 invenisse
725 2219 851 2295 praeter
868 2198 970 2285 folia,
988 2197 1071 2294 quia
1088 2224 1188 2270 nem·

303 2342 352 2412 pe
377 2315 555 2409 usquead
577 2316 769 2387 adventum
788 2314 1066 2387 Christiomnia
1087 2314 1126 2386 in
1147 2316 1188 2387 fi-

301 2457 390 2527 gura
422 2448 555 2531 tantum
588 2430 871 2526 contingebantt
913 2442 981 2503 Non
1010 2445 1089 2504 enim
1117 2454 1187 2505 erae

229 2556 232 2561 ’
303 2569 422 2637 umpns
434 2555 583 2632 ficorum,
602 2548 778 2643 usquead
797 2547 996 2633 Christum,
1016 2547 1081 2643 qui'
1095 2531 1186 2621 fruc·

301 2683 378 2737 tum
397 2662 530 2736 arboris
550 2662 630 2735 vitae
651 2664 825 2754 inlmedio
847 2664 999 2760 paradisi
1018 2670 1185 2762 plan'tatae

297 2781 464 2865 humano
473 2779 594 2872 generi
608 2779 830 2852 restituturus
845 2781 1054 2870 advenerat,
1074 2766 1183 2878 aquo

299 2898 416 2970 fructu
430 2895 635 2968 arcebamur
653 2895 701 2967 ob
719 2916 895 2991 gustatum
913 2899 1065 2971 fructum
1080 2900 1183 2971 arbo-

104 3006 112 3015 ’
194 3032 196 3036 ‘
296 3014 345 3087 ris
363 3011 479 3084 vetitae
497 3000 647 3084 scientiae
666 3012 752 3084 boni
772 3032 806 3090 et
824 3015 915 3086 mali.
945 3015 1013 3086 Sed
1026 3015 1063 3087 in
1079 3014 1182 3088 Chri·

298 3150 355 3202 sto
379 3128 445 3200 iam
471 3130 596 3202 aderat·
613 3152 774 3227 tempus,
802 3131 886 3210 dum
913 3133 941 3203 is
964 3116 1181 3228 suspenden-

300 3248 366 3317 dus
391 3244 428 3315 in
451 3244 550 3340 ligno
577 3247 802 3334 maledietuin
830 3247 964 3321 arboris
989 3267 1062 3321 erat
1085 3249 1177 3336 abln-

296 3383 395 3435 turus
417 3365 453 3433 in
477 3363 662 3456 gentibus,
686 3364 748 3460 qui
765 3365 910 3454 frustra,
933 3368 1046 3438 factus
1065 3367 1103 3438 in
1119 3365 1178 3438 ›Ju-

297 3473 374 3552 daen
396 3480 527 3564 homo,
554 3506 617 3575 per
644 3500 713 3552 tres
738 3481 999 3578 praedicationis
1021 3484 1177 3570 fusenn-

188 3607 194 3624 “
295 3624 364 3669 nos
387 3596 552 3676 esurierat
575 3597 732 3669 fructum
751 3597 788 3668 in
810 3594 961 3686 dudonis,
992 3599 1099 3696 quod·
1116 3626 1176 3673 ex·

259 3703 261 3707 ¹
295 3710 442 3811 ponitur
464 3714 501 3793 in
521 3714 691 3808 parabola
718 3715 763 3785 de
790 3703 915 3788 arbore
940 3716 996 3788 fici
1020 3715 1175 3790 infructi-

293 3833 366 3903 fera
384 3834 539 3926 plantata
558 3831 599 3931 in:
612 3831 726 3909 vinea.
766 3831 885 3904 Nobis¹
903 3853 1018 3906 autem
1036 3832 1171 3909 Judaeo·

294 3951 595 4045 rum-exemplum
618 3946 740 4022 terrori
763 3974 858 4038 osse,
886 3949 1001 4024 debet.
