2474 4568
251 270 303 340 40
576 253 810 315 -'··—·--··'

111 398 227 472 cuv?
253 409 309 494 qui
329 407 468 473 ambulat
485 411 518 471 t'n
537 409 685 487 tenebris,
704 412 799 473 nestit
817 429 879 494 quo
895 411 1007 476 vadet.
1049 413 1130 482 mn

121 519 218 574 cxvi.
253 527 349 590 luceru
374 527 516 603 habetis,
552 526 663 588 credite
692 527 725 588 irt
750 525 867 605 lucem,
907 541 944 591 ut
962 504 1029 606 filii
1058 531 1131 594 lucis

96 635 326 730 VWstris.
388 642 456 705 Hae'c
477 642 597 704 loeutus
621 651 667 703 est
689 641 800 719 Jews,
835 655 867 706 et
888 617 992 727 uIn'it,¹
1028 658 1061 710 et
1082 647 1131 711 ab·

251 759 371 849 teondr't
386 778 417 830 se
433 760 472 822 ab
489 762 542 828 eis.
588 758 660 819 Cum
680 769 784 820 autem
802 756 996 839 tantastgna
1003 761 1132 841 fecisset

252 877 437 952 torum'm‘s,
460 893 519 937 rrorr
537 874 698 941 credebant
718 876 751 937 irr
771 893 860 942 eum:
881 877 1029 958 ursermo
1048 881 1132 942 Isaiae

246 991 403 1078 prophete
425 992 623 1072 impleretur,
649 1009 737 1074 quem
760 991 864 1055 dixit:
891 993 1041 1072 Domine,
1066 998 1133 1078 quir

253 1109 384 1180 credidit
401 1107 525 1171 auditui
542 1106 673 1169 nostro?
694 1118 750 1170 etc.
801 1098 930 1173 Subdit
956 1100 1133 1187 nihilomi-

253 1241 321 1296 nus
348 1232 383 1286 et
404 1239 450 1295 ex
474 1211 695 1310 principibus
724 1217 854 1295 multos
880 1215 1073 1291 credidisse
1097 1217 1132 1291 iu

251 1357 357 1427 eum,
382 1339 446 1425 sed
462 1351 593 1420 propter
616 1340 783 1403 lerisaeot
806 1360 865 1408 non
891 1342 1132 1424 confitebuntur,
1167 1337 1169 1343 ’

250 1470 289 1521 ut
313 1477 330 1530 e
340 1456 506 1547 synagoga
531 1473 591 1517 norr
621 1458 808 1520 dicerentur.
846 1457 1033 1530 Dilexerunt
1057 1465 1135 1525 enim

125 1633 131 1654 ,
247 1575 381 1653 gloriam
397 1574 553 1634 hominum
571 1575 689 1656 magis,
711 1591 805 1656 quum
822 1575 956 1652 glottam
976 1563 1047 1645 Dei.
1074 1567 1135 1641 Vi.

249 1682 355 1759 detur
383 1678 503 1774 colligi
531 1704 662 1774 posse,
700 1706 745 1752 ne
775 1700 956 1778 receptum
987 1683 1134 1779 quidem

249 1796 359 1881 fuisse
379 1818 398 1868 a
417 1819 599 1892 quoquam
621 1812 704 1891 post
726 1808 796 1869 tam
815 1797 991 1872 celebrem
1011 1826 1056 1872 eo
1078 1800 1134 1872 die

249 1913 449 2009 ingressum
479 1910 657 2007 hospitio;
694 1931 763 1986 aut·
791 1935 883 1991 certe
918 1915 1008 1995 illud
1039 1914 1134 1995 iuito

172 2084 177 2093 .
250 2027 462 2109 detrectavit
484 2026 641 2116 iudicio,
680 2048 739 2116 ut,
776 2057 857 2105 cum
884 2031 954 2105 iam
985 2057 1136 2131 vespera

250 2166 344 2225 esset
361 2147 469 2233 hora,
496 2143 623 2228 relictis
646 2143 712 2218 iIIis
734 2146 846 2227 exiret
865 2145 903 2218 in
925 2147 1136 2248 Bethaniam

249 2291 332 2346 cum
360 2263 563 2347 duodecim,
622 2262 741 2335 Mane
769 2262 874 2359 igitur
901 2289 982 2337 cum
1010 2266 1137 2340 nihilo·

249 2380 367 2469 minus'
391 2379 520 2452 rediret
546 2378 585 2459 in
612 2379 760 2469 urbem,
796 2404 837 2453 ac
863 2379 1008 2454 esuriret
1029 2386 1136 2457 male·

250 2498 343 2581 dixit
366 2497 426 2570 fici
450 2494 579 2576 arbori,
606 2534 611 2553 ‚
632 2495 746 2588 Quod
769 2495 848 2593 quis
873 2495 1034 2587 dubitet,
1060 2526 1137 2599 my·

250 2616 338 2697 stica
361 2613 503 2686 ratione.
522 2613 629 2695 fuisse
654 2610 817 2696 fa'ctum?
858 2613 994 2706 „Quid
1021 2616 1136 2706 enim,

249 2733 331 2816 funt
352 2728 462 2808 verba
487 2726 618 2802 Sedulii
645 2723 709 2816 a),
745 2727 906 2810 materies
933 2729 1005 2802 fine
1030 2735 1136 2811 sensu

250 2846 490 2946 peccaverat?
513 2843 721 2942 presertim,
746 2870 825 2941 quae
843 2848 1015 2938 fructum,
1036 2841 1135 2940 ficut,

250 2949 405 3051 Marcus
439 2948 655 3058 evangelista
691 2984 973 3052 commemorat,
1011 2964 1136 3041 incon·

180 3145 183 3149 .
250 3079 333 3188 grui
356 3077 492 3164 ratione
515 3077 684 3175 temporis
705 3105 781 3153 non
802 3079 974 3169 habebat,
1002 3082 1068 3183 nisi
1087 3083 1134 3158 ad

252 3194 520 3284 instructionem
541 3194 723 3290 Dominus
742 3217 869 3274 uostrae
888 3198 1044 3279 utilitatis
1061 3202 1135 3276 hoc

255 3336 398 3413 ageret,
438 3316 499 3421 qui
520 3315 702 3396 *factorum
730 3315 1003 3414 sermonumque
1032 3343 1139 3416 pera·-

252 3433 346 3518 bolis
370 3430 477 3514 vitale
503 3429 609 3513 nobis
634 3430 700 3510 iter
725 3430 892 3513 ostendit.
906 3433 929 3472 “

330 3662 488 3752 ,Pertinet
516 3663 587 3738 huc
617 3663 683 3739 alia
712 3663 757 3738 de
787 3665 916 3744 arbore
946 3664 1004 3740 fici
1032 3693 1135 3765 para·

253 3782 339 3869 bola
373 3782 460 3862 Luc.¹
496 3780 597 3853 XIII.
631 3785 663 3853 6.
698 3808 804 3887 quam
836 3792 968 3856 habebat
1003 3797 1134 3878 quidam

284 3923 319 4010 e)
336 3928 454 3995 feschel.
477 3929 564 3999 Operis
580 3926 638 3984 lit.
657 3928 712 3986 IV.
730 3940 758 3998 3.
779 4008 782 4014 Ι
