2474 4568
435 154 664 168 —=—-

919 147 992 218 ¹97

112 269 183 342 hoc
213 266 333 356 idem',
367 270 467 365 quod
493 270 766 346 Melchisedech
793 271 990 364 obtulerat,
1017 265 1132 332 (ΜΡΝ

111 385 146 457 id
171 405 244 474 est,
271 412 400 484 panem
424 406 459 458 et
477 387 620 475 vinum,
648 391 747 462 suum
770 390 900 466 scilicet
918 387 1154 467 cor-CXXXVL

109 529 179 600 pus
203 524 239 576 et
260 503 510 600 sanguinem.“
577 505 639 577 De
662 533 705 579 eo
726 527 862 597 autem,
891 513 991 606 quod
1008 507 1149 587 W

107 620 205 693 idem
229 620 451 708 faciendum,
488 623 559 694 hoc
589 643 640 695 est
661 625 926 703 sacrificandum
953 628 992 700 in

108 739 160 810 sui
174 736 559 818 'commemorationem
589 741 728 829 voluit,
763 762 869 838 atque
899 746 990 818 adeo

69 928 72 933 ,
107 854 271 927 sacerdos
303 855 340 926 in
371 873 538 933 aeternum
571 855 669 928 iuxta
702 859 863 937 ordinem
893 862 993 934 Mel·

108 971 298 1044 chisedech
334 972 405 1045 hoc
438 973 643 1057 sacrificinm
676 974 853 1063 instituit,
892 977 989 1050 idem

107 1117 161 1186 ep.
191 1094 251 1176 63.
288 1088 441 1181 „Nam,
477 1088 611 1185 inquit,
649 1090 677 1170 si
701 1091 800 1174 Jesus
827 1093 991 1168 Christus

106 1205 290 1278 Dominus
320 1225 355 1279 et
380 1205 482 1284 Deus
505 1227 643 1294 noster,
671 1208 746 1304 ipse
771 1231 804 1293 et
830 1213 987 1285 summus

104 1323 268 1396 sacerdos
291 1323 364 1396 Dei
387 1323 519 1411 Patris,
547 1344 581 1396 et
603 1325 808 1406 sacrificium
832 1327 927 1409 Patri
948 1355 986 1402 se

101 1439 219 1536 ipsum
247 1440 381 1536 primus
407 1441 563 1528 obtulit,
608 1461 643 1521 et
669 1443 739 1517 hoc
766 1444 839 1525 fieri
867 1443 904 1515 in
932 1444 985 1517 sui

105 1557 481 1630 commemorationem
505 1558 691 1655 praecepit:
715 1559 837 1656 utique
859 1562 917 1634 ille
940 1565 988 1635 sa·

104 1677 229 1746 cerdos
256 1674 334 1748 vice
361 1662 607 1749 christi'vere
633 1659 812 1772 fungitur,
838 1679 899 1775 qui
926 1679 985 1766 id,

104 1791 204 1886 quod
233 1791 395 1871 Christus
418 1782 531 1878 fecit,¹
546 1791 710 1874 imitatur,
721 1797 743 1833 ‘⁶

172 1908 240 1980 Est
267 1909 337 1984 hoc
360 1907 455 1990 idem
483 1909 581 2005 quod
609 1911 641 1981 S.
666 1909 856 1997 Clemen3‚
888 1907 987 1984 cuius

102 2028 285 2122 apostolus
299 2006 473 2108 'meminit
499 2025 589 2120 Phil.
621 2027 685 2102 IV.
713 2052 745 2116 3,
761 2028 907 2122 fuitque
923 2027 981 2126 ¹D.

100 2142 194 2215 Petri
219 2143 258 2213 in
286 2144 452 2224 cathedra
484 2143 652 2227 Romana¹
677 2142 774 2246 post
792 2143 921 2228 Linum
951 2143 986 2216 et

102 2259 247 2332 Cletum
266 2261 467 2348 successor,
494 2262 598 2349 dicit,
625 2262 724 2359 epist.
745 2262 772 2346 I.¹
792 2263 835 2346 nd
859 2261 986 2334 Corin·

99 2379 195 2450 thios
215 2395 251 2450 n.
268 2403 352 2465 40st
383 2430 404 2464 υ
416 2373 488 2459 Ubi
513 2378 614 2452 etiam
641 2399 718 2452 eta
745 2380 874 2475 quibus
899 2383 988 2451 celc-

99 2494 194 2568 brari
220 2497 321 2591 vult,
348 2494 422 2591 ipse
447 2496 684 2578 excelsissima
712 2499 773 2579 sua
799 2500 985 2571 voluntate

100 2610 286 2697 desinivit,
314 2631 353 2684 ut
375 2639 462 2709 pure
486 2631 521 2686 et
544 2614 662 2687 sancte
685 2603 806 2696 omnia
832 2593 983 2687 sacta'in

98 2728 326 2825 beneplacito
357 2749 500 2827 accepta
534 2753 648 2804 essent
678 2732 855 2815 voluntati
897 2731 982 2804 eius.

99 2845 173 2938 Qui
203 2871 289 2940 ergo
320 2844 510 2947 assignatis
534 2849 755 2947 temporibus
783 2848 985 2922 oblationes

97 2963 174 3034 suas
202 2962 356 3047 faciunt,
390 2965 549 3060 accepti,
587 2984 622 3035 et
644 2966 738 3048 beati
762 2968 863 3038 sunt:
902 2991 984 3035 nam

98 3079 159 3175 qui
182 3080 375 3174 sequuntur
395 3083 490 3177 leges
514 3080 687 3173 Domini,
712 3106 786 3160 non
806 3081 980 3152 aberrant.

99 3194 246 3269 Summo
270 3195 404 3296 quippe
426 3197 601 3280 sacerdoti
623 3184 683 3281 sua
705 3197 828 3270 munia
853 3197 984 3271 tributa

97 3315 195 3401 sunt,
224 3334 259 3387 et
284 3314 525 3394 sacerdotibus
551 3319 652 3388 locus
681 3316 850 3413 proprius
875 3297 982 3411 'assig-

98 3452 306 3522 natusest,
346 3451 381 3502 et
406 3432 518 3509 levitis
545 3435 604 3510 sua
631 3435 821 3504 ministeria
849 3432 984 3505 incum-
1053 3505 1060 3519 ,

98 3547 207 3634 bunt,
227 3548 339 3621 homo
362 3549 470 3620 laicus
490 3551 674 3646 praeeeptis
696 3547 790 3620 laicis
809 3541 982 3620 constrinss

100 3664 202 3759 gitur.
213 3667 236 3703 “
285 3664 495 3738 Sacerdotes
515 3685 629 3736 autem
650 3667 693 3736 ad
712 3665 979 3737 sacrificandum
998 3684 1004 3700 ¹
1035 3763 1038 3771 ι
