2474 4568
210 239 364 358 “4⁶
585 255 873 325 m

171 414 286 478 clm
315 428 395 491 dicet
415 428 518 507 nobist
545 418 641 511 quire
662 447 730 503 ergo
750 449 808 490 non
829 431 1008 494 credidistis.
1034 437 1037 446 '
1060 420 1193 494 Liben-

171 537 284 592 CXVU·
314 553 366 607 ter
385 528 577 630 crgossese‚
602 535 666 606 nisi
688 535 883 608 timuissent
902 539 1059 624 turbam,
1082 560 1191 634 expe·

151 650 296 714 ”W
314 652 463 738 dissent,
486 653 658 737 dicendo,
681 652 894 747 baptismum
912 654 1056 725 loannis
1081 640 1190 729 luisse

315 795 360 841 ex
383 769 605 856 hominibus,
630 756 857 863 idone,.cum
876 771 1029 841 loannes
1052 776 1191 846 nullum

310 887 433 958 fecerit
462 886 625 980 signum,
659 887 776 981 potius
814 888 929 958 dicere
965 889 1190 982 potuissent,

306 1028 415 1097 quam
444 1003 488 1072 de
512 1001 675 1089 Christo,
704 1003 763 1097 qui
788 1030 825 1073 se
852 1030 896 1074 ex
922 1001 1007 1074 Deo
1034 1030 1110 1076 csse
1136 1025 1191 1078 tot

307 1119 481 1191 miraculis
500 1120 764 1191 demonstravit.
815 1120 1039 1211 Quare-dum
1059 1149 1095 1193 se
1112 1143 1190 1194 nes,

257 1293 265 1307 .
305 1236 379 1309 cire
406 1261 451 1306 ex
472 1237 596 1307 astutia
621 1235 759 1321 dicunt,
789 1238 884 1307 unde
911 1237 1189 1332 baptismuslo·

306 1350 410 1424 annis
429 1352 487 1438 fit,
506 1350 642 1446 indigni
664 1370 786 1438 erant,
799 1353 927 1446 quibus
944 1352 1188 1424 iterum-Chri·

248 1462 272 1519 ‘s
305 1491 382 1542 stus
410 1467 612 1538 missionem
641 1468 739 1539 luam
772 1495 791 1539 a
821 1466 907 1540 Deo
940 1490 1186 1566 expromeret,

305 1613 414 1688 quam
441 1585 612 1658 malitiose
636 1603 690 1657 tot
712 1584 885 1657 miraculis
912 1585 1188 1659 demonstratam

234 1685 240 1698 ¹
305 1725 425 1778 mente
459 1700 720 1798 perversissima
747 1728 822 1791 non
851 1704 1053 1776 credebant.
1113 1702 1188 1795 Ob*

303 1820 479 1898 atinatiori
496 1817 627 1892 Judaeis
652 1817 771 1890 animo
792 1820 872 1891 sunt
892 1820 1056 1891 hodierni
1078 1819 1190 1892 incre·-

281 1919 383 2012 'duli
411 1937 455 2009 ad
482 1935 670 2020 miracula,
706 1959 795 2029 quae
817 1935 921 2031 nobis
950 1935 987 2007 in
1016 1936 1188 2032 scriptura

262 2098 265 2105 ·
305 2058 401 2130 sacra
416 2073 616 2138 narrantur,
637 2049 768 2122 Christi
783 2071 817 2123 et
832 2052 1086 2150 discipulorum
1101 2053 1186 2139 eius,

304 2195 412 2269 atque
433 2169 626 2255 identidem
645 2168 681 2238 in
700 2167 865 2241 Ecclesia
886 2172 931 2240 ad
951 2170 1188 2268 comproban-

302 2291 388 2363 dam
404 2313 524 2360 veram
543 2283 749 2380 religionem
768 2285 876 2370 fiunt;
902 2312 944 2357 en
963 2286 1032 2356 iarn
1052 2307 1188 2382 proter·

303 2407 370 2482 viae
395 2401 594 2502 progressi,
626 2419 666 2477 ut
693 2400 769 2472 fieri
799 2427 905 2496 posse
933 2400 1101 2474 miracula
1127 2430 1188 2476 ne·

302 2543 407 2619 gent:
431 2522 607 2615 dumque,
629 2541 707 2612 quae
726 2518 806 2590 sunt
824 2536 929 2614 captu
949 2520 1011 2589 suo
1029 2521 1188 2614 superio·

302 2665 363 2726 ra,
395 2637 538 2710 credere
565 2634 788 2719 detrectant,
820 2635 857 2704 in
885 2633 1183 2730 Pyrrhonismum

201 2739 205 2744 ’
289 2753 562 2852 xprolabuntur,
598 2749 697 2844 quasi
725 2773 804 2819 cum
833 2749 961 2823 ludaeis
981 2753 1184 2826 dicentes:

277 2948 279 2952 ,
306 2881 485 2953 Nescimus,
509 2864 754 2938 iustoiudicio
777 2864 850 2936 Dei
871 2892 906 2939 m
931 2868 990 2939 sua
1011 2870 1185 2967 perplexi·

302 3003 375 3058 tate
399 3004 433 3057 et
456 2983 697 3055 incredulitate
724 2982 854 3067 relicti,
879 2985 969 3055 forte
993 3012 1072 3057 cum
1098 2989 1126 3060 J.
1151 2988 1184 3066 J.

301 3101 497 3178 Rousseau
527 3101 572 3172 ab
600 3101 729 3196 angelo
755 3099 877 3175 doceri
904 3107 1182 3198 expostulantes.
