2474 4568
186 335 190 342 ¹
249 271 319 341 152
567 244 799 328 ““.“““““

106 394 221 457 CAPUT
249 401 362 474 Notat
381 400 414 472 in
433 396 588 473 editione
607 427 754 497 operum
777 401 809 472 S.
829 398 951 472 Iraenei
971 398 1010 470 P.
1027 400 1129 475 Mas·

98 515 226 577 ΒΧΧΙΧ·
247 538 347 604 suet,
388 518 584 614 posteriora
618 518 776 613 quinque
812 518 925 613 capita
964 517 1048 589 libri
1082 517 1127 591 V.

95 633 373 720 Wcontra
411 637 558 707 haereses
596 634 667 706 fine
704 635 815 707 dubio
847 635 895 706 ob
931 661 1132 730 propugna-

248 771 323 848 tum
353 751 387 821 in
424 753 474 828 eis
510 751 786 822 millenariorum
822 776 976 822 errorem
1015 751 1129 823 studio

158 914 161 925 ·
247 868 375 949 omissa
395 868 500 940 luisse
522 896 541 939 a
560 868 720 962 pluribus
739 867 880 953 scribis,
907 867 959 949 uti
978 867 1013 947 in
1036 867 1129 941 Mss.

249 985 503 1080 deprehendit,
533 985 564 1055 S.
588 985 936 1080 Hieronymusvero
960 983 995 1066 in
1019 1011 1131 1080 prooe·

250 1102 323 1172 mio
351 1121 540 1183 comment.
568 1102 603 1171 in
634 1128 663 1173 c.
695 1100 833 1186 XVIII.
857 1100 952 1170 Isaiae
980 1102 1131 1173 referta

213 1312 217 1320 Ι
249 1216 434 1313 Dionysio
468 1218 715 1301 Alexandrino
749 1216 996 1314 impugnatum
1027 1218 1131 1304 fuisse

250 1334 401 1427 eleganti
429 1333 520 1405 libro
549 1335 752 1420 Iracnacum5
780 1317 910 1404 irrisam
934 1359 1023 1405 vero
1048 1360 1134 1412 cras,-

248 1477 323 1522 sam
351 1450 526 1536 fabulam,
556 1450 655 1521 cuius
686 1472 807 1522 auctor
833 1448 1025 1533 Cerinthus
1053 1449 1132 1520 dici·

249 1576 317 1637 tur.
365 1567 400 1636 A
420 1565 582 1651 Patribus
605 1567 749 1661 quidem
779 1569 999 1661 corporalem
1026 1592 1131 1637 resur-

250 1682 447 1754 rectionem
474 1683 641 1754 creditam
664 1683 788 1769 fuisse,
819 1710 891 1753 non
914 1709 1003 1753 vero
1030 1664 1130 1754 lubri-

253 1825 329 1877 cam
364 1801 455 1871 adeo
490 1820 524 1871 et
550 1801 735 1871 animalem
764 1799 795 1870 S.
804 1800 1043 1903 Augustinus
1073 1825 1127 1870 no·

251 1916 356 1989 tavit:
397 1916 583 2002 „Primam
612 1917 925 2004 resurrectionem,
954 1916 1087 2000 [unt'
1060 1942 1124 1988 erus

250 2032 383 2119 verba,
410 2035 562 2117 {natuturam
592 2034 753 2163 ¹suspicati
782 2036 861 2105 [unt
888 2037 1122 2132 corporalem3

250 2171 343 2235 mter
365 2168 488 2221 caetera
507 2153 658 2222 maxime
677 2176 826 2222 numero
846 2176 1021 2225 annorum
1041 2151 1122 2222 mille

252 2268 406 2362 permoti
427 2269 523 2353 sunt,
552 2282 717 2364 tanquam
745 2288 928 2363 oporteret
949 2268 985 2337 in
1010 2267 1122 2341 sanctis

166 2380 173 2397 “
254 2411 298 2455 eo
331 2384 440 2454 modo
469 2387 567 2456 velut
596 2386 680 2456 tanti
709 2383 876 2480 temporis
904 2384 980 2456 fieri
1008 2384 1123 2456 Sabba-

252 2500 415 2586 tismum,
441 2501 626 2572 vacatione
649 2503 777 2575 [cilicet
798 2504 915 2573 lancta
939 2523 1020 2598 post
1039 2501 1124 2573 labo·

252 2642 308 2685 res
335 2642 509 2688 annorum
532 2619 593 2687 sex
624 2619 793 2705 millium,
822 2645 867 2690 ex
898 2645 972 2715 quo
1001 2639 1122 2690 creatus

254 2752 306 2809 est
338 2733 458 2801 homo.
475 2736 496 2768 “
547 2733 624 2802 Lib.
650 2735 739 2803 XX.
768 2736 812 2805 de
840 2736 932 2806 civit.
958 2734 1031 2807 Dei
1056 2760 1121 2830 cap.

253 2870 287 2937 9,
322 2847 538 2939 disquirens,
567 2849 666 2943 quod
693 2851 732 2920 sit
760 2877 908 2946 regnum
935 2854 1121 2924 [anctorum

254 2988 333 3045 curn
365 2962 509 3034 Christo
544 2991 605 3060 per
636 2966 727 3037 mille
758 2993 893 3054 annos,
931 2991 964 3041 et
993 2964 1029 3040 in
1058 2991 1134 3064 quo

257 3080 472 3151 discernatur
494 3107 512 3151 a
534 3108 646 3176 regno
669 3105 820 3169 aeterno,
842 3086 887 3155 ad
905 3087 1016 3167 verba
1035 3086 1121 3181 Apo·

253 3199 316 3280 cal.
346 3224 422 3293 cap.
448 3198 540 3287 XX,
563 3225 597 3287 4.
627 3210 700 3286 „Er
721 3214 825 3272 unirnae
854 3215 1020 3275 occisorum
1042 3229 1121 3294 prop·

253 3335 300 3383 ter
327 3330 533 3386 testimonium
559 3329 658 3403 Jesu,
698 3341 727 3388 et
746 3341 875 3407 propter
899 3330 1025 3390 verbum
1052 3329 1120 3400 Dei,

253 3430 482 3517 subauditur,
518 3434 656 3517 subdit,
695 3435 794 3527 quod
822 3457 946 3530 postea
976 3437 1120 3509 dicturus

255 3567 327 3629 est,
364 3571 527 3631 regnarunt
556 3578 623 3618 cum
652 3560 726 3629 ,lesu
752 3562 833 3624 mille
863 3568 972 3637 annis,-
1012 3554 1123 3624 animae

157 3716 161 3720 -
254 3662 382 3735 scilicet
414 3689 601 3760 martyrum
634 3669 793 3738 noudum
827 3670 887 3740 sibi
919 3672 1127 3769 corporibus

253 3779 322 3868 suis
350 3780 505 3851 redditis.
570 3783 697 3878 Neque
723 3787 814 3856 enim
846 3788 984 3881 piorum
1011 3788 1132 3859 animae

254 3915 475 3987 mortuorum
509 3900 712 3993 separantur
746 3904 790 3973 ab
824 3905 1016 3995 Ecclesia,
1056 3913 1140 4003 quae

856 4188 864 4219 l
