2474 4568
318 279 365 352 26
644 272 876 305 '¹'—

645 313 875 327 ——q--a-—ae

129 420 289 488 ‘imru‘
481 424 516 514 C
544 426 581 514 A
608 423 641 513 P
670 422 784 516 UT
842 421 1030 513 CXIII.

160 542 304 723 &L
337 607 520 680 TURBA
556 604 1005 679 ACCLAMANTIUM
1041 604 1183 680 CHRI-

486 733 586 805 STO
622 732 1030 806 DISCIPULORUM.

238 988 245 998 ⁴
284 938 288 944 ·
318 897 419 978 Cum
453 901 769 998 appropinquaret
788 901 871 974 iam
897 899 944 975 ad
973 896 1197 976 descensum

368 1019 509 1094 montis
528 1004 690 1105 Oliveti,
711 1027 909 1114 coeperunt
927 1015 1058 1091 omiies
1078 1017 1197 1092 turbae

269 1123 285 1135 ²
367 1132 640 1230 discipulorum
666 1132 871 1232 gaudentes
896 1131 1042 1207 laudare
1069 1127 1199 1215 Deum

369 1273 463 1326 voce
490 1273 626 1348 magna
651 1249 758 1347 super
784 1249 983 1338 omnibus,
1027 1271 1118 1348 quas
1146 1253 1199 1325 vi-

319 1402 322 1407 ·
369 1367 518 1456 derant,
547 1369 768 1455 virtutibus,
796 1367 984 1443 dicentes:
1024 1366 1199 1443 Benedic-

368 1494 448 1572 tus,
475 1487 538 1579 qui
559 1487 662 1561 vertit
687 1488 726 1558 in
751 1487 890 1559 nomine
917 1482 1093 1570 Domini,
1115 1499 1196 1579 pax

368 1601 409 1673 in
432 1599 534 1688 culo,
560 1612 595 1675 et
610 1601 737 1697 glorio
761 1604 800 1674 in
823 1599 980 1676 excelsis.
1044 1595 1101 1674 Et
1118 1601 1199 1699 qui-

316 1781 319 1786 .
369 1715 456 1790 dam
486 1714 754 1794 Pharisaeorum
780 1718 826 1793 de
855 1719 994 1805 turbis,
1022 1715 1199 1794 dixerunt

370 1831 416 1906 ad
440 1831 565 1909 illum:
592 1832 795 1933 Magister,
822 1838 971 1931 increpa
992 1833 1195 1931 discipulos

370 1960 467 2024 tuos.
538 1949 687 2054 Quibus
725 1954 804 2050 ipse
839 1955 908 2027 ait:
944 1950 1037 2027 otro
1067 1950 1195 2040 vobis,

367 2070 455 2160 quin
475 2069 508 2141 si
527 2067 566 2142 hi
588 2072 788 2162 tacuerint,
816 2067 953 2167 lapides
977 2066 1194 2147 clamabunt.

368 2177 460 2261 Luc.
489 2179 601 2259 XIX.
621 2303 625 2311 ἱ
635 2208 691 2280 37.
722 2199 792 2262 etc.

165 2538 279 2610 Lapides
315 2451 568 2597 Audivimus
593 2522 662 2594 iam
689 2549 820 2619 pueros
846 2522 1027 2618 posthaec
1051 2520 1087 2592 in
1114 2540 1197 2600 teme

163 2611 281 2736 wan*
315 2642 377 2734 plo
415 2643 670 2710 acclamantes:
712 2650 857 2709 Horarum
882 2648 950 2722 filio
985 2646 1097 2717 Dauid
1129 2637 1194 2728 a),

288 2799 291 2811 ·
314 2754 535 2851 principibus
557 2755 778 2827 sacerdotum
801 2777 836 2827 et
854 2754 974 2826 scribis
995 2755 1103 2826 bilem
1124 2783 1196 2828 mo·

314 2875 407 2945 visse
439 2898 478 2942 ac
507 2871 700 2956 invidiam
736 2873 794 2944 hic
828 2872 972 2967 quidam
1002 2871 1195 2945 Pharisaeo-

314 3016 391 3060 rum
428 2988 463 3058 in
500 2988 557 3060 via
593 2989 709 3060 adhuc
746 2988 963 3060 inducuntur
996 2989 1141 3084 petiisse
1175 3016 1195 3061 a

292 3200 297 3210 ἱ
316 3105 478 3194 Christo,
504 3125 544 3178 ut
564 3105 759 3202 discipulos
779 3109 968 3183 clamantes
989 3130 1193 3201 compesce-

312 3243 387 3307 ret,
418 3222 546 3316 quibus
567 3221 649 3308 ille,
676 3233 877 3306 dicationis,
904 3221 973 3305 ait,
1001 3236 1076 3312 puta
1104 3237 1132 3293 si
1159 3233 1191 3292 lu·

311 3352 465 3410 tacuerint
480 3349 604 3428 ‘lapides
626 3349 810 3410 clamabunt.
868 3336 1087 3412 Acciderunt
1116 3340 1190 3410 haec

310 3455 349 3525 in
378 3456 518 3526 declivo
547 3455 676 3540 montis
704 3453 861 3540 oliveti,
898 3455 936 3526 in
968 3481 1041 3549 quo
1066 3477 1190 3551 postea
1217 3522 1220 3529 ,

257 3557 259 3560 ⁴
310 3573 436 3642 sedens
462 3570 644 3655 Christus,
673 3571 758 3642 dum
788 3571 1064 3647 destructionem
1095 3572 1190 3645 urbis

311 3670 350 3760 et
368 3688 487 3783 templi
508 3688 683 3783 praedicit:
713 3701 823 3778 Amem
840 3699 907 3758 dico
928 3697 1034 3774 vobis,
1063 3688 1111 3762 ait
1132 3687 1188 3780 b),

308 3835 368 3877 nou
388 3817 575 3895 relinquetur
595 3815 644 3875 iric
666 3816 745 3895 Iopis
756 3814 854 3894 firper
875 3815 1024 3894 lapidem,
1052 3819 1106 3898 'qui
1128 3834 1187 3878 non
1227 3832 1229 3834 ’

347 3949 377 4019 a)
396 3934 497 4007 Mutia.
520 3952 604 4008 uxr.
627 3965 668 4018 ις.
754 3947 784 4021 r)
802 3951 845 4006 n.
867 3951 979 4007 XXIV.
1000 3969 1024 4007 2.
