2474 4568
453 262 685 329 ΕΞ
799 313 801 318 ·
935 273 1005 358 263

122 427 254 510 Moyses
273 427 432 492 exaltavit
441 429 616 513 serpentem
637 432 670 493 in
697 430 833 509 deserto,
855 431 905 493 ito
925 430 1009 497 exul·
1038 406 1155 472 cim

124 552 193 610 tari
215 560 335 628 oportet
360 548 474 610 Filium
491 549 646 620 leontinis:
673 561 709 614 ut
729 552 843 624 omnis,
872 549 926 628 qui
949 565 1010 609 cre·
1035 527 1161 590 cmx·

124 665 177 726 dit
195 667 229 725 in
245 668 365 746 ipsum,
386 683 445 726 non
459 677 586 746 pereat,
595 663 659 744 sed
677 665 790 727 habeat
808 668 910 726 vitam
929 650 1163 738 etervw

122 777 210 843 riom.
262 781 311 843 Sic
327 785 406 844 enim
424 780 506 843 Deus
523 761 633 845 dilexit
651 784 814 862 mundum,
839 792 875 843 ut
894 780 1008 842 Filium

111 896 213 977 Jitum
247 902 436 976 unigenitum
460 900 573 962 deret:
613 912 661 961 ut.
674 904 793 976 omnis,
833 901 888 981 qui
914 898 1009 959 credit

122 1015 158 1075 in
178 1014 282 1094 ilium,
304 1035 362 1077 non
380 1028 505 1097 pereat,
518 1014 579 1094 sed
598 1017 712 1079 hobeot
730 1020 832 1078 uitam
853 1028 1005 1076 eternam.

122 1120 211 1194 Fuit
228 1122 286 1196 hic
306 1121 528 1196 Nicodemus
546 1117 606 1212 o),
632 1124 694 1219 qui
712 1123 748 1195 in
766 1122 931 1221 synedrio
949 1121 1007 1194 Juz
1087 1138 1090 1145 '

123 1238 306 1326 decorum,
330 1266 412 1312 cum
434 1240 665 1313 decernerent
686 1241 882 1313 interficere
903 1236 1007 1315 Chri·
1052 1246 1056 1253 ’

93 1375 243 1473 ostum,
278 1356 351 1428 eius
379 1358 600 1429 defensorem
632 1357 731 1453 egit,
773 1377 808 1430 ct
836 1383 916 1429 cum
948 1355 1007 1428 Jo-

122 1474 241 1570 sepho
266 1475 311 1546 de
336 1473 538 1545 Arimathea
560 1473 598 1563 tr)
625 1493 777 1556 unxerat
797 1500 927 1570 corpus
952 1472 1006 1554 te„

119 1613 189 1676 su,
216 1591 361 1685 quando
384 1589 537 1686 apostoli
559 1591 680 1686 fugam
702 1591 937 1688 arripuerant,
959 1589 1005 1660 de

121 1706 258 1803 quibus
285 1707 422 1780 dixerat
437 1735 447 1778 s
471 1717 546 1789 Jom
563 1736 623 1788 non
639 1719 740 1779 dicam
757 1715 933 1796 oosseroos
948 1725 1005 1781 etc.

200 1941 317 2015 Recte
333 1968 442 2028 vern,
466 1961 506 2015 ut
530 1967 605 2014 non
624 1942 729 2014 snmus
747 1939 854 2028 servi,
877 1939 911 2014 S.
930 1935 1005 2013 Au·

122 2057 286 2156 guntinus
314 2060 475 2132 servilem
503 2059 661 2132 excludit
690 2058 874 2145 timorem,
898 2083 1004 2151 quem

119 2177 216 2251 foras
235 2176 339 2249 mittit
362 2175 510 2249 charitas
533 2176 577 2249 ab
598 2176 685 2263 illis,
708 2176 753 2247 de
772 2174 901 2271 quibus
922 2198 1007 2269 apo-

120 2297 236 2365 stolus
258 2289 314 2385 c).:
347 2305 414 2364 Non
436 2307 514 2365 enirn
539 2305 698 2384 accepistis
705 2295 859 2382 spiritum
868 2286 1007 2379 seruitu-

121 2422 166 2484 tis
181 2421 294 2482 iterum
310 2423 344 2481 in
362 2423 480 2481 timore.
513 2409 568 2483 Sic
585 2410 680 2482 idem
698 2411 883 2506 apostolus
902 2406 1007 2478 etiarn

120 2527 244 2599 servos
266 2526 420 2598 dominis
445 2526 515 2598 fuis
541 2527 690 2599 obedire
713 2529 792 2600 vult
813 2539 845 2597 in
860 2531 1008 2614 ſsmplici-

120 2665 190 2716 tate
217 2654 460 2730 cordisvestri,
478 2650 563 2730 ficut
595 2653 724 2715 Christo.
781 2654 848 2713 Non
873 2651 917 2713 od
937 2669 1007 2711 ocu·

119 2769 186 2831 ium
201 2767 398 2848 servientes,
436 2763 528 2853 quasi
553 2769 723 2832 hominibus
743 2770 922 2850 placentes,
949 2765 1010 2850 sed

119 2897 159 2948 ut
172 2886 264 2967 servi
298 2887 432 2965 Christi,
450 2887 604 2966 facientes
630 2887 824 2949 voluntatem
850 2887 909 2948 Dei
939 2903 1009 2947 curn

118 3002 202 3066 bono
228 3003 392 3066 uoluntate
406 3001 600 3082 servientes,
619 3000 703 3081 ficut
730 2975 862 3066 Domino
891 3014 920 3064 et
948 3019 1008 3065 non

120 3119 295 3186 homitibus
321 3101 393 3200 d)‚'v
407 3111 535 3208 procul
560 3110 682 3205 spiritu
706 3108 881 3182 servitutis
905 3107 943 3178 in
967 3106 1009 3178 ti·

118 3253 234 3300 moro
288 3228 399 3322 Igitur
426 3228 470 3300 ab
498 3228 565 3300 hac
590 3226 756 3300 servitute
781 3223 882 3295 liberi
904 3225 1006 3311 funt,

118 3343 253 3439 quibus
278 3328 380 3418 dicit:
407 3355 483 3427 Jorn
503 3375 562 3417 non
583 3344 684 3416 dicum
706 3371 761 3412 uos
772 3349 904 3429 seruos,
932 3354 1009 3432 quia

106 3469 229 3551 fimus
246 3475 357 3549 nescit,
380 3468 458 3563 quid
468 3471 577 3550 faciat
598 3473 738 3532 dominus
759 3470 833 3530 eius.
884 3456 1008 3545 „Non

120 3575 248 3672 utique
278 3576 337 3648 ille
366 3581 508 3664 servus,
549 3578 666 3674 pergit
696 3577 727 3648 S.
758 3574 1007 3670 Augustinus,

103 3693 306 3792 ‘pertinens
332 3694 378 3765 ad
402 3694 566 3775 timorem
594 3714 749 3783 costum,
777 3691 835 3764 cni
857 3691 1007 3763 dicitur:

154 3881 188 3953 a)
201 3885 281 3951 sort.
301 3886 368 3957 νη.
418 3879 449 3956 s)
465 3885 534 3957 run
554 3883 637 3956 resti·
656 3895 701 3954 ss·
749 3877 779 3955 e)
792 3883 868 3944 nom.
886 3880 941 3942 ur.
959 3896 1006 3956 zo,

188 3955 425 4026 vmfflc
