<?xml version="1.0" encoding="UTF-8"?>
<!DOCTYPE html PUBLIC "-//W3C//DTD XHTML 1.0 Transitional//EN"
    "http://www.w3.org/TR/xhtml1/DTD/xhtml1-transitional.dtd">
<html xmlns="http://www.w3.org/1999/xhtml" xml:lang="en" lang="en">
 <head>
  <title>
</title>
<meta http-equiv="Content-Type" content="text/html;charset=utf-8" />
  <meta name='ocr-system' content='tesseract 3.04.00' />
  <meta name='ocr-capabilities' content='ocr_page ocr_carea ocr_par ocr_line ocrx_word'/>
</head>
<body>
  <div class='ocr_page' id='page_1' title='image "./desublimiinevan03gerbgoog_0319.png"; bbox 0 0 2474 4568; ppageno 0'>
   <div class='ocr_carea' id='block_1_1' title="bbox 260 273 813 371">
    <p class='ocr_par' dir='ltr' id='par_1_1' title="bbox 260 273 813 371">
     <span class='ocr_line' id='line_1_1' title="bbox 260 273 813 371; baseline -0.005 -38"><span class='ocrx_word' id='word_1_1' title='bbox 260 303 333 371; x_wconf 73' lang='lat'>33²</span> <span class='ocrx_word' id='word_1_2' title='bbox 581 273 813 333; x_wconf 42' lang='grc' dir='ltr'><strong>μ</strong></span> 
     </span>
    </p>
   </div>
   <div class='ocr_carea' id='block_1_2' title="bbox 19 403 1132 1912">
    <p class='ocr_par' dir='ltr' id='par_1_2' title="bbox 19 403 1132 1912">
     <span class='ocr_line' id='line_1_2' title="bbox 32 403 1129 527; baseline -0.003 -25"><span class='ocrx_word' id='word_1_3' title='bbox 32 453 36 457; x_wconf 76' lang='grc'><strong>’</strong></span> <span class='ocrx_word' id='word_1_4' title='bbox 116 403 233 491; x_wconf 58' lang='lat'><strong>0⁰¹1?</strong></span> <span class='ocrx_word' id='word_1_5' title='bbox 256 431 393 507; x_wconf 83' lang='lat' dir='ltr'>ritatem</span> <span class='ocrx_word' id='word_1_6' title='bbox 423 451 649 527; x_wconf 82' lang='lat' dir='ltr'><strong>nequaquam</strong></span> <span class='ocrx_word' id='word_1_7' title='bbox 681 414 933 526; x_wconf 67' lang='lat' dir='ltr'>perspicienti,</span> <span class='ocrx_word' id='word_1_8' title='bbox 970 439 1013 500; x_wconf 85' lang='lat' dir='ltr'>ut</span> <span class='ocrx_word' id='word_1_9' title='bbox 1040 420 1129 519; x_wconf 59' lang='lat' dir='ltr'>dein?</span> 
     </span>
     <span class='ocr_line' id='line_1_3' title="bbox 96 542 1130 646; baseline -0.001 -25"><span class='ocrx_word' id='word_1_10' title='bbox 96 546 238 608; x_wconf 47' lang='lat' dir='ltr'>‘0¹3¹st</span> <span class='ocrx_word' id='word_1_11' title='bbox 254 574 341 646; x_wconf 85' lang='lat' dir='ltr'>ceps</span> <span class='ocrx_word' id='word_1_12' title='bbox 367 567 588 634; x_wconf 77' lang='lat' dir='ltr'><strong>constanter,</strong></span> <span class='ocrx_word' id='word_1_13' title='bbox 623 565 706 645; x_wconf 89' lang='lat' dir='ltr'>post</span> <span class='ocrx_word' id='word_1_14' title='bbox 729 562 914 642; x_wconf 83' lang='lat' dir='ltr'>acceptam</span> <span class='ocrx_word' id='word_1_15' title='bbox 938 569 960 616; x_wconf 88' lang='lat' dir='ltr'>a</span> <span class='ocrx_word' id='word_1_16' title='bbox 989 542 1130 620; x_wconf 88' lang='lat' dir='ltr'>Christo</span> 
     </span>
     <span class='ocr_line' id='line_1_4' title="bbox 19 658 1130 760; baseline -0.002 -23"><span class='ocrx_word' id='word_1_17' title='bbox 19 716 30 737; x_wconf 47' lang='lat' dir='ltr'>s</span> <span class='ocrx_word' id='word_1_18' title='bbox 98 663 514 749; x_wconf 56' lang='lat' dir='ltr'>Wconlessionem</span> <span class='ocrx_word' id='word_1_19' title='bbox 543 663 701 760; x_wconf 90' lang='lat' dir='ltr'>loquitur</span> <span class='ocrx_word' id='word_1_20' title='bbox 738 658 800 752; x_wconf 85' lang='lat' dir='ltr'>a):</span> <span class='ocrx_word' id='word_1_21' title='bbox 847 673 946 735; x_wconf 87' lang='lat' dir='ltr'>Vultis</span> <span class='ocrx_word' id='word_1_22' title='bbox 973 690 1066 751; x_wconf 81' lang='lat' dir='ltr'>ergo,</span> <span class='ocrx_word' id='word_1_23' title='bbox 1098 681 1130 735; x_wconf 83' lang='lat' dir='ltr'>ut</span> 
     </span>
     <span class='ocr_line' id='line_1_5' title="bbox 252 777 1131 876; baseline -0.003 -22"><span class='ocrx_word' id='word_1_24' title='bbox 252 791 412 855; x_wconf 83' lang='lat' dir='ltr'><em>dimittam</em></span> <span class='ocrx_word' id='word_1_25' title='bbox 446 779 535 853; x_wconf 77' lang='lat' dir='ltr'>nobis</span> <span class='ocrx_word' id='word_1_26' title='bbox 567 808 666 867; x_wconf 67' lang='lat' dir='ltr'>regam</span> <span class='ocrx_word' id='word_1_27' title='bbox 700 789 912 862; x_wconf 80' lang='lat' dir='ltr'>Judaeorum?</span> <span class='ocrx_word' id='word_1_28' title='bbox 960 779 1011 854; x_wconf 86' lang='lat' dir='ltr'>Et</span> <span class='ocrx_word' id='word_1_29' title='bbox 1042 777 1131 876; x_wconf 87' lang='lat' dir='ltr'>apud</span> 
     </span>
     <span class='ocr_line' id='line_1_6' title="bbox 250 896 1132 991; baseline -0.007 -18"><span class='ocrx_word' id='word_1_30' title='bbox 250 896 426 973; x_wconf 82' lang='lat' dir='ltr'>Marcum</span> <span class='ocrx_word' id='word_1_31' title='bbox 444 896 531 971; x_wconf 88' lang='lat' dir='ltr'>XV.</span> <span class='ocrx_word' id='word_1_32' title='bbox 555 922 611 972; x_wconf 83' lang='lat' dir='ltr'>ra.</span> <span class='ocrx_word' id='word_1_33' title='bbox 667 907 752 991; x_wconf 65' lang='lat' dir='ltr'>Quid</span> <span class='ocrx_word' id='word_1_34' title='bbox 778 925 848 984; x_wconf 77' lang='lat' dir='ltr'>ergo</span> <span class='ocrx_word' id='word_1_35' title='bbox 872 904 972 969; x_wconf 83' lang='lat' dir='ltr'>vultis</span> <span class='ocrx_word' id='word_1_36' title='bbox 985 953 998 986; x_wconf 97' lang='lat'>,</span> <span class='ocrx_word' id='word_1_37' title='bbox 1013 905 1132 986; x_wconf 73' lang='lat' dir='ltr'>facim</span> 
     </span>
     <span class='ocr_line' id='line_1_7' title="bbox 249 1013 1131 1102; baseline -0.005 -14"><span class='ocrx_word' id='word_1_38' title='bbox 249 1027 317 1102; x_wconf 79' lang='lat' dir='ltr'>regi</span> <span class='ocrx_word' id='word_1_39' title='bbox 334 1024 538 1096; x_wconf 72' lang='lat' dir='ltr'>Judaeonuni</span> <span class='ocrx_word' id='word_1_40' title='bbox 553 1069 555 1074; x_wconf 85' lang='lat'>-</span> <span class='ocrx_word' id='word_1_41' title='bbox 573 1015 623 1088; x_wconf 88' lang='lat' dir='ltr'>Et</span> <span class='ocrx_word' id='word_1_42' title='bbox 637 1013 761 1087; x_wconf 86' lang='lat' dir='ltr'>Joann.</span> <span class='ocrx_word' id='word_1_43' title='bbox 777 1013 884 1087; x_wconf 89' lang='lat' dir='ltr'>XIX.</span> <span class='ocrx_word' id='word_1_44' title='bbox 903 1037 959 1102; x_wconf 84' lang='lat'>14.</span> <span class='ocrx_word' id='word_1_45' title='bbox 990 1023 1069 1086; x_wconf 75' lang='lat' dir='ltr'>Eece</span> <span class='ocrx_word' id='word_1_46' title='bbox 1082 1036 1131 1096; x_wconf 73' lang='lat' dir='ltr'>retr</span> 
     </span>
     <span class='ocr_line' id='line_1_8' title="bbox 250 1127 1130 1218; baseline 0 -15"><span class='ocrx_word' id='word_1_47' title='bbox 250 1127 365 1204; x_wconf 72' lang='lat' dir='ltr'>nester.</span> <span class='ocrx_word' id='word_1_48' title='bbox 414 1132 483 1204; x_wconf 86' lang='lat' dir='ltr'>Et:</span> <span class='ocrx_word' id='word_1_49' title='bbox 519 1140 629 1218; x_wconf 76' lang='lat' dir='ltr'>Regem</span> <span class='ocrx_word' id='word_1_50' title='bbox 653 1152 791 1203; x_wconf 84' lang='lat' dir='ltr'>oestrum</span> <span class='ocrx_word' id='word_1_51' title='bbox 814 1139 1017 1218; x_wconf 75' lang='lat' dir='ltr'>crucifigam!</span> <span class='ocrx_word' id='word_1_52' title='bbox 1055 1149 1130 1203; x_wconf 87' lang='lat' dir='ltr'>ante</span> 
     </span>
     <span class='ocr_line' id='line_1_9' title="bbox 246 1245 1132 1346; baseline -0.005 -22"><span class='ocrx_word' id='word_1_53' title='bbox 246 1248 344 1324; x_wconf 71' lang='lat' dir='ltr'>forte</span> <span class='ocrx_word' id='word_1_54' title='bbox 361 1249 407 1321; x_wconf 89' lang='lat' dir='ltr'>ad</span> <span class='ocrx_word' id='word_1_55' title='bbox 426 1249 579 1324; x_wconf 87' lang='lat' dir='ltr'>Pilatum</span> <span class='ocrx_word' id='word_1_56' title='bbox 598 1249 752 1321; x_wconf 91' lang='lat' dir='ltr'>delatum</span> <span class='ocrx_word' id='word_1_57' title='bbox 770 1249 902 1337; x_wconf 82' lang='lat' dir='ltr'>fuerat,</span> <span class='ocrx_word' id='word_1_58' title='bbox 934 1245 1059 1346; x_wconf 87' lang='lat' dir='ltr'>paucis</span> <span class='ocrx_word' id='word_1_59' title='bbox 1080 1272 1132 1340; x_wconf 82' lang='lat' dir='ltr'>ap·</span> 
     </span>
     <span class='ocr_line' id='line_1_10' title="bbox 249 1362 1132 1466; baseline 0.001 -30"><span class='ocrx_word' id='word_1_60' title='bbox 249 1381 288 1436; x_wconf 87' lang='lat' dir='ltr'>te</span> <span class='ocrx_word' id='word_1_61' title='bbox 313 1362 439 1437; x_wconf 86' lang='lat' dir='ltr'>diebus</span> <span class='ocrx_word' id='word_1_62' title='bbox 465 1366 501 1436; x_wconf 92' lang='lat' dir='ltr'>in</span> <span class='ocrx_word' id='word_1_63' title='bbox 530 1364 679 1439; x_wconf 88' lang='lat' dir='ltr'>solemni</span> <span class='ocrx_word' id='word_1_64' title='bbox 705 1365 866 1466; x_wconf 83' lang='lat' dir='ltr'>ingressu</span> <span class='ocrx_word' id='word_1_65' title='bbox 894 1365 994 1438; x_wconf 86' lang='lat' dir='ltr'>urbis</span> <span class='ocrx_word' id='word_1_66' title='bbox 1019 1367 1132 1461; x_wconf 86' lang='lat' dir='ltr'>palam</span> 
     </span>
     <span class='ocr_line' id='line_1_11' title="bbox 220 1478 1132 1578; baseline 0.002 -27"><span class='ocrx_word' id='word_1_67' title='bbox 220 1515 228 1528; x_wconf 89' lang='lat'><strong>·</strong></span> <span class='ocrx_word' id='word_1_68' title='bbox 253 1478 436 1556; x_wconf 85' lang='lat' dir='ltr'>Christum</span> <span class='ocrx_word' id='word_1_69' title='bbox 458 1507 577 1578; x_wconf 82' lang='lat' dir='ltr'>regern</span> <span class='ocrx_word' id='word_1_70' title='bbox 596 1483 702 1555; x_wconf 83' lang='lat' dir='ltr'>lsrael</span> <span class='ocrx_word' id='word_1_71' title='bbox 724 1483 831 1556; x_wconf 81' lang='lat' dir='ltr'>luisse</span> <span class='ocrx_word' id='word_1_72' title='bbox 853 1481 1132 1578; x_wconf 77' lang='lat' dir='ltr'>proclamatum?</span> 
     </span>
     <span class='ocr_line' id='line_1_12' title="bbox 253 1597 1132 1695; baseline -0.003 -21"><span class='ocrx_word' id='word_1_73' title='bbox 253 1599 335 1674; x_wconf 77' lang='lat' dir='ltr'>Neo</span> <span class='ocrx_word' id='word_1_74' title='bbox 365 1597 494 1672; x_wconf 87' lang='lat' dir='ltr'>adduci</span> <span class='ocrx_word' id='word_1_75' title='bbox 531 1598 677 1695; x_wconf 91' lang='lat' dir='ltr'>potuit,</span> <span class='ocrx_word' id='word_1_76' title='bbox 718 1619 759 1671; x_wconf 90' lang='lat' dir='ltr'>ut</span> <span class='ocrx_word' id='word_1_77' title='bbox 789 1618 940 1678; x_wconf 90' lang='lat' dir='ltr'>mutaret</span> <span class='ocrx_word' id='word_1_78' title='bbox 973 1597 1132 1686; x_wconf 84' lang='lat' dir='ltr'>titulum,</span> 
     </span>
     <span class='ocr_line' id='line_1_13' title="bbox 251 1714 1132 1814; baseline 0 -24"><span class='ocrx_word' id='word_1_79' title='bbox 251 1741 361 1814; x_wconf 85' lang='lat' dir='ltr'>quem</span> <span class='ocrx_word' id='word_1_80' title='bbox 388 1714 600 1812; x_wconf 80' lang='lat' dir='ltr'>superscribi</span> <span class='ocrx_word' id='word_1_81' title='bbox 621 1715 770 1788; x_wconf 84' lang='lat' dir='ltr'>iusserat</span> <span class='ocrx_word' id='word_1_82' title='bbox 786 1715 902 1790; x_wconf 84' lang='lat' dir='ltr'>cruci:</span> <span class='ocrx_word' id='word_1_83' title='bbox 922 1715 1041 1790; x_wconf 75' lang='lat' dir='ltr'>¹lasus</span> <span class='ocrx_word' id='word_1_84' title='bbox 1060 1715 1132 1790; x_wconf 78' lang='lat' dir='ltr'>Na·</span> 
     </span>
     <span class='ocr_line' id='line_1_14' title="bbox 191 1831 829 1912; baseline -0.003 0"><span class='ocrx_word' id='word_1_85' title='bbox 191 1839 194 1844; x_wconf 84' lang='grc'><strong><em>’</em></strong></span> <span class='ocrx_word' id='word_1_86' title='bbox 250 1853 435 1912; x_wconf 71' lang='lat' dir='ltr'>anninus</span> <span class='ocrx_word' id='word_1_87' title='bbox 466 1831 558 1909; x_wconf 81' lang='lat' dir='ltr'>thx</span> <span class='ocrx_word' id='word_1_88' title='bbox 584 1831 829 1911; x_wconf 61' lang='lat' dir='ltr'>‘iuncorum</span> 
     </span>
    </p>
   </div>
   <div class='ocr_carea' id='block_1_3' title="bbox 126 2066 1169 3920">
    <p class='ocr_par' dir='ltr' id='par_1_3' title="bbox 234 2066 1169 2516">
     <span class='ocr_line' id='line_1_15' title="bbox 246 2066 1131 2155; baseline 0.001 -14"><span class='ocrx_word' id='word_1_89' title='bbox 246 2114 255 2123; x_wconf 87' lang='lat'><em>-</em></span> <span class='ocrx_word' id='word_1_90' title='bbox 324 2067 460 2141; x_wconf 84' lang='lat' dir='ltr'>Fallitis</span> <span class='ocrx_word' id='word_1_91' title='bbox 481 2093 505 2141; x_wconf 94' lang='lat' dir='ltr'>o</span> <span class='ocrx_word' id='word_1_92' title='bbox 525 2067 654 2155; x_wconf 86' lang='lat' dir='ltr'>Judrci,</span> <span class='ocrx_word' id='word_1_93' title='bbox 677 2086 712 2142; x_wconf 90' lang='lat' dir='ltr'>et</span> <span class='ocrx_word' id='word_1_94' title='bbox 728 2066 887 2141; x_wconf 72' lang='lat' dir='ltr'>fallimini</span> <span class='ocrx_word' id='word_1_95' title='bbox 906 2067 1044 2143; x_wconf 85' lang='lat' dir='ltr'>finistra</span> <span class='ocrx_word' id='word_1_96' title='bbox 1061 2093 1131 2147; x_wconf 84' lang='lat' dir='ltr'>ves·</span> 
     </span>
     <span class='ocr_line' id='line_1_16' title="bbox 247 2184 1169 2284; baseline -0.002 -24"><span class='ocrx_word' id='word_1_97' title='bbox 247 2203 303 2260; x_wconf 82' lang='lat' dir='ltr'>tra</span> <span class='ocrx_word' id='word_1_98' title='bbox 325 2185 371 2258; x_wconf 88' lang='lat' dir='ltr'>de</span> <span class='ocrx_word' id='word_1_99' title='bbox 385 2211 498 2280; x_wconf 85' lang='lat' dir='ltr'>regno</span> <span class='ocrx_word' id='word_1_100' title='bbox 510 2184 659 2258; x_wconf 78' lang='lat' dir='ltr'>Messias</span> <span class='ocrx_word' id='word_1_101' title='bbox 683 2185 874 2282; x_wconf 90' lang='lat' dir='ltr'>opinione,</span> <span class='ocrx_word' id='word_1_102' title='bbox 889 2204 933 2259; x_wconf 64' lang='lat' dir='ltr'>xtt</span> <span class='ocrx_word' id='word_1_103' title='bbox 953 2185 1130 2284; x_wconf 80' lang='lat' dir='ltr'>imponitis</span> <span class='ocrx_word' id='word_1_104' title='bbox 1167 2213 1169 2272; x_wconf 70' lang='lat' dir='ltr'>r</span> 
     </span>
     <span class='ocr_line' id='line_1_17' title="bbox 234 2301 1133 2395; baseline 0 -19"><span class='ocrx_word' id='word_1_105' title='bbox 234 2301 367 2385; x_wconf 23' lang='lat' dir='ltr'>,Pilato</span> <span class='ocrx_word' id='word_1_106' title='bbox 389 2303 567 2385; x_wconf 83' lang='lat' dir='ltr'>dicentes:</span> <span class='ocrx_word' id='word_1_107' title='bbox 596 2312 679 2395; x_wconf 62' lang='lat' dir='ltr'>Quia</span> <span class='ocrx_word' id='word_1_108' title='bbox 699 2315 764 2392; x_wconf 83' lang='lat' dir='ltr'>ipse</span> <span class='ocrx_word' id='word_1_109' title='bbox 786 2313 891 2389; x_wconf 82' lang='lat' dir='ltr'>dixit,</span> <span class='ocrx_word' id='word_1_110' title='bbox 917 2329 974 2374; x_wconf 86' lang='lat' dir='ltr'>rtx</span> <span class='ocrx_word' id='word_1_111' title='bbox 984 2313 1063 2392; x_wconf 85' lang='lat' dir='ltr'>sum</span> <span class='ocrx_word' id='word_1_112' title='bbox 1080 2313 1133 2384; x_wconf 67' lang='lat' dir='ltr'>itt·</span> 
     </span>
     <span class='ocr_line' id='line_1_18' title="bbox 248 2416 1130 2516; baseline 0 -24"><span class='ocrx_word' id='word_1_113' title='bbox 248 2430 380 2493; x_wconf 79' lang='lat' dir='ltr'>daorum</span> <span class='ocrx_word' id='word_1_114' title='bbox 392 2462 404 2505; x_wconf 91' lang='lat'>,-</span> <span class='ocrx_word' id='word_1_115' title='bbox 432 2416 493 2514; x_wconf 91' lang='lat' dir='ltr'>qui</span> <span class='ocrx_word' id='word_1_116' title='bbox 520 2419 605 2492; x_wconf 92' lang='lat' dir='ltr'>dum</span> <span class='ocrx_word' id='word_1_117' title='bbox 636 2422 790 2516; x_wconf 86' lang='lat' dir='ltr'>populus</span> <span class='ocrx_word' id='word_1_118' title='bbox 813 2444 894 2491; x_wconf 86' lang='lat' dir='ltr'>eum</span> <span class='ocrx_word' id='word_1_119' title='bbox 917 2445 1047 2516; x_wconf 86' lang='lat' dir='ltr'>rapere</span> <span class='ocrx_word' id='word_1_120' title='bbox 1066 2422 1130 2495; x_wconf 71' lang='lat' dir='ltr'>vel·</span> 
     </span>
    </p>

    <p class='ocr_par' dir='ltr' id='par_1_4' title="bbox 189 2535 1169 3328">
     <span class='ocr_line' id='line_1_19' title="bbox 189 2535 1169 2632; baseline -0.002 -23"><span class='ocrx_word' id='word_1_121' title='bbox 189 2578 191 2583; x_wconf 85' lang='lat'><em>.</em></span> <span class='ocrx_word' id='word_1_122' title='bbox 247 2540 320 2624; x_wconf 89' lang='lat' dir='ltr'>let,</span> <span class='ocrx_word' id='word_1_123' title='bbox 358 2555 393 2608; x_wconf 85' lang='lat' dir='ltr'>et</span> <span class='ocrx_word' id='word_1_124' title='bbox 418 2536 531 2610; x_wconf 83' lang='lat' dir='ltr'>iacere</span> <span class='ocrx_word' id='word_1_125' title='bbox 556 2562 707 2632; x_wconf 82' lang='lat' dir='ltr'>regem,</span> <span class='ocrx_word' id='word_1_126' title='bbox 743 2535 901 2630; x_wconf 74' lang='lat' dir='ltr'>aufugit,</span> <span class='ocrx_word' id='word_1_127' title='bbox 935 2537 1077 2611; x_wconf 89' lang='lat' dir='ltr'>dudum</span> <span class='ocrx_word' id='word_1_128' title='bbox 1102 2535 1129 2608; x_wconf 85' lang='lat' dir='ltr'>is</span> <span class='ocrx_word' id='word_1_129' title='bbox 1166 2554 1169 2580; x_wconf 86' lang='lat'><strong>¹</strong></span> 
     </span>
     <span class='ocr_line' id='line_1_20' title="bbox 248 2646 1169 2751; baseline 0.003 -27"><span class='ocrx_word' id='word_1_130' title='bbox 248 2679 313 2751; x_wconf 85' lang='lat' dir='ltr'>per</span> <span class='ocrx_word' id='word_1_131' title='bbox 331 2651 567 2747; x_wconf 83' lang='lat' dir='ltr'>patriarcham</span> <span class='ocrx_word' id='word_1_132' title='bbox 588 2673 771 2737; x_wconf 85' lang='lat' dir='ltr'>vestrum,</span> <span class='ocrx_word' id='word_1_133' title='bbox 798 2653 843 2724; x_wconf 81' lang='lat' dir='ltr'>dc</span> <span class='ocrx_word' id='word_1_134' title='bbox 867 2653 965 2726; x_wconf 86' lang='lat' dir='ltr'>cuius</span> <span class='ocrx_word' id='word_1_135' title='bbox 987 2655 1128 2728; x_wconf 87' lang='lat' dir='ltr'>nomint</span> <span class='ocrx_word' id='word_1_136' title='bbox 1167 2646 1169 2707; x_wconf 90' lang='lat'>!</span> 
     </span>
     <span class='ocr_line' id='line_1_21' title="bbox 247 2762 1127 2862; baseline 0.003 -20"><span class='ocrx_word' id='word_1_137' title='bbox 247 2762 410 2842; x_wconf 84' lang='lat' dir='ltr'>Israelitae</span> <span class='ocrx_word' id='word_1_138' title='bbox 449 2768 532 2838; x_wconf 88' lang='lat' dir='ltr'>dicti</span> <span class='ocrx_word' id='word_1_139' title='bbox 569 2767 798 2862; x_wconf 83' lang='lat' dir='ltr'>gloriamini,</span> <span class='ocrx_word' id='word_1_140' title='bbox 833 2770 945 2842; x_wconf 78' lang='lat' dir='ltr'>latum</span> <span class='ocrx_word' id='word_1_141' title='bbox 973 2793 1127 2844; x_wconf 87' lang='lat' dir='ltr'>vestrum</span> 
     </span>
     <span class='ocr_line' id='line_1_22' title="bbox 247 2882 1128 2981; baseline 0.001 -24"><span class='ocrx_word' id='word_1_142' title='bbox 247 2882 434 2971; x_wconf 87' lang='lat' dir='ltr'>condixit,</span> <span class='ocrx_word' id='word_1_143' title='bbox 465 2883 682 2980; x_wconf 86' lang='lat' dir='ltr'>iugumque,</span> <span class='ocrx_word' id='word_1_144' title='bbox 717 2885 817 2980; x_wconf 93' lang='lat' dir='ltr'>quod</span> <span class='ocrx_word' id='word_1_145' title='bbox 844 2885 912 2981; x_wconf 90' lang='lat' dir='ltr'>ipsi</span> <span class='ocrx_word' id='word_1_146' title='bbox 937 2889 1128 2962; x_wconf 88' lang='lat' dir='ltr'>confitemi-</span> 
     </span>
     <span class='ocr_line' id='line_1_23' title="bbox 246 2997 1125 3098; baseline 0.009 -27"><span class='ocrx_word' id='word_1_147' title='bbox 246 2997 287 3071; x_wconf 93' lang='lat' dir='ltr'>ni</span> <span class='ocrx_word' id='word_1_148' title='bbox 311 3025 435 3072; x_wconf 83' lang='lat' dir='ltr'>coram</span> <span class='ocrx_word' id='word_1_149' title='bbox 458 3000 574 3074; x_wconf 86' lang='lat' dir='ltr'>Pilato</span> <span class='ocrx_word' id='word_1_150' title='bbox 600 3003 748 3098; x_wconf 80' lang='lat' dir='ltr'>praeside</span> <span class='ocrx_word' id='word_1_151' title='bbox 773 3027 840 3074; x_wconf 86' lang='lat' dir='ltr'>vos</span> <span class='ocrx_word' id='word_1_152' title='bbox 868 3003 1043 3092; x_wconf 86' lang='lat' dir='ltr'>Romano</span> <span class='ocrx_word' id='word_1_153' title='bbox 1068 3006 1125 3078; x_wconf 91' lang='lat' dir='ltr'>im·</span> 
     </span>
     <span class='ocr_line' id='line_1_24' title="bbox 243 3113 1125 3214; baseline 0.005 -22"><span class='ocrx_word' id='word_1_154' title='bbox 243 3114 350 3214; x_wconf 82' lang='lat' dir='ltr'>perio</span> <span class='ocrx_word' id='word_1_155' title='bbox 371 3113 548 3206; x_wconf 62' lang='lat' dir='ltr'>subiecti,</span> <span class='ocrx_word' id='word_1_156' title='bbox 581 3119 722 3206; x_wconf 77' lang='lat' dir='ltr'>subire,</span> <span class='ocrx_word' id='word_1_157' title='bbox 757 3117 936 3192; x_wconf 81' lang='lat' dir='ltr'>dicentes-r</span> <span class='ocrx_word' id='word_1_158' title='bbox 978 3133 1048 3195; x_wconf 71' lang='lat' dir='ltr'>lma</span> <span class='ocrx_word' id='word_1_159' title='bbox 1075 3135 1125 3196; x_wconf 82' lang='lat' dir='ltr'>lra-</span> 
     </span>
     <span class='ocr_line' id='line_1_25' title="bbox 246 3239 1123 3328; baseline 0.006 -22"><span class='ocrx_word' id='word_1_160' title='bbox 246 3243 502 3328; x_wconf 73' lang='lat' dir='ltr'>btmurregem,</span> <span class='ocrx_word' id='word_1_161' title='bbox 538 3247 598 3308; x_wconf 87' lang='lat' dir='ltr'>nisi</span> <span class='ocrx_word' id='word_1_162' title='bbox 631 3263 767 3308; x_wconf 65' lang='lat' dir='ltr'>cursorem</span> <span class='ocrx_word' id='word_1_163' title='bbox 778 3278 792 3322; x_wconf 86' lang='lat'>,-</span> <span class='ocrx_word' id='word_1_164' title='bbox 825 3263 892 3310; x_wconf 88' lang='lat' dir='ltr'>nec</span> <span class='ocrx_word' id='word_1_165' title='bbox 921 3239 1123 3326; x_wconf 83' lang='lat' dir='ltr'>attenditis,</span> 
     </span>
    </p>

    <p class='ocr_par' dir='ltr' id='par_1_5' title="bbox 126 3352 1122 3448">
     <span class='ocr_line' id='line_1_26' title="bbox 126 3352 1122 3448; baseline 0.007 -25"><span class='ocrx_word' id='word_1_166' title='bbox 126 3402 129 3407; x_wconf 84' lang='lat'>.</span> <span class='ocrx_word' id='word_1_167' title='bbox 246 3352 347 3447; x_wconf 85' lang='lat' dir='ltr'>quod</span> <span class='ocrx_word' id='word_1_168' title='bbox 373 3352 603 3448; x_wconf 80' lang='lat' dir='ltr'>praedicatum</span> <span class='ocrx_word' id='word_1_169' title='bbox 630 3370 681 3425; x_wconf 83' lang='lat' dir='ltr'>est</span> <span class='ocrx_word' id='word_1_170' title='bbox 706 3352 912 3440; x_wconf 81' lang='lat' dir='ltr'>manifesto,</span> <span class='ocrx_word' id='word_1_171' title='bbox 940 3381 1016 3427; x_wconf 93' lang='lat' dir='ltr'>non</span> <span class='ocrx_word' id='word_1_172' title='bbox 1037 3359 1122 3430; x_wconf 84' lang='lat' dir='ltr'>aufe·</span> 
     </span>
    </p>

    <p class='ocr_par' dir='ltr' id='par_1_6' title="bbox 183 3468 1123 3920">
     <span class='ocr_line' id='line_1_27' title="bbox 183 3468 1122 3566; baseline 0.01 -27"><span class='ocrx_word' id='word_1_173' title='bbox 183 3472 186 3481; x_wconf 85' lang='lat'>&#39;</span> <span class='ocrx_word' id='word_1_174' title='bbox 223 3469 585 3566; x_wconf 21' lang='lat' dir='ltr'>‘rendumlsceptrum</span> <span class='ocrx_word' id='word_1_175' title='bbox 609 3468 653 3538; x_wconf 91' lang='lat' dir='ltr'>de</span> <span class='ocrx_word' id='word_1_176' title='bbox 672 3468 785 3555; x_wconf 83' lang='lat' dir='ltr'>luda,</span> <span class='ocrx_word' id='word_1_177' title='bbox 815 3490 850 3541; x_wconf 84' lang='lat' dir='ltr'>et</span> <span class='ocrx_word' id='word_1_178' title='bbox 870 3471 1065 3549; x_wconf 63' lang='lat' dir='ltr'>ducemede</span> <span class='ocrx_word' id='word_1_179' title='bbox 1079 3474 1122 3548; x_wconf 63' lang='lat' dir='ltr'>fe&lt;</span> 
     </span>
     <span class='ocr_line' id='line_1_28' title="bbox 243 3583 1123 3680; baseline 0.008 -23"><span class='ocrx_word' id='word_1_180' title='bbox 243 3611 343 3658; x_wconf 86' lang='lat' dir='ltr'>more</span> <span class='ocrx_word' id='word_1_181' title='bbox 372 3583 467 3669; x_wconf 87' lang='lat' dir='ltr'>eius,</span> <span class='ocrx_word' id='word_1_182' title='bbox 495 3593 587 3656; x_wconf 82' lang='lat' dir='ltr'>donec</span> <span class='ocrx_word' id='word_1_183' title='bbox 609 3596 718 3656; x_wconf 79' lang='lat' dir='ltr'>veniat</span> <span class='ocrx_word' id='word_1_184' title='bbox 739 3600 793 3678; x_wconf 80' lang='lat' dir='ltr'>qui</span> <span class='ocrx_word' id='word_1_185' title='bbox 813 3589 980 3660; x_wconf 83' lang='lat' dir='ltr'>mittendus</span> <span class='ocrx_word' id='word_1_186' title='bbox 1002 3613 1071 3680; x_wconf 79' lang='lat' dir='ltr'>ast,</span> <span class='ocrx_word' id='word_1_187' title='bbox 1094 3612 1123 3664; x_wconf 84' lang='lat' dir='ltr'>et</span> 
     </span>
     <span class='ocr_line' id='line_1_29' title="bbox 242 3701 1119 3807; baseline 0.013 -35"><span class='ocrx_word' id='word_1_188' title='bbox 242 3701 308 3795; x_wconf 82' lang='lat' dir='ltr'>ipse</span> <span class='ocrx_word' id='word_1_189' title='bbox 324 3713 383 3773; x_wconf 80' lang='lat' dir='ltr'>trit</span> <span class='ocrx_word' id='word_1_190' title='bbox 400 3713 589 3790; x_wconf 82' lang='lat' dir='ltr'>exspectatio</span> <span class='ocrx_word' id='word_1_191' title='bbox 602 3713 765 3786; x_wconf 78' lang='lat' dir='ltr'>gentium.-</span> <span class='ocrx_word' id='word_1_192' title='bbox 791 3705 949 3778; x_wconf 85' lang='lat' dir='ltr'>Messias</span> <span class='ocrx_word' id='word_1_193' title='bbox 968 3734 1119 3807; x_wconf 86' lang='lat' dir='ltr'>nempe,</span> 
     </span>
     <span class='ocr_line' id='line_1_30' title="bbox 243 3819 1121 3920; baseline 0.011 -30"><span class='ocrx_word' id='word_1_194' title='bbox 243 3843 350 3915; x_wconf 86' lang='lat' dir='ltr'>quem</span> <span class='ocrx_word' id='word_1_195' title='bbox 379 3837 586 3914; x_wconf 78' lang='lat' dir='ltr'>praesentem</span> <span class='ocrx_word' id='word_1_196' title='bbox 613 3819 777 3917; x_wconf 85' lang='lat' dir='ltr'>respuitis</span> <span class='ocrx_word' id='word_1_197' title='bbox 804 3848 849 3898; x_wconf 87' lang='lat' dir='ltr'>ex</span> <span class='ocrx_word' id='word_1_198' title='bbox 873 3843 982 3920; x_wconf 79' lang='lat' dir='ltr'>genta</span> <span class='ocrx_word' id='word_1_199' title='bbox 1007 3825 1121 3902; x_wconf 83' lang='lat' dir='ltr'>vestra</span> 
     </span>
    </p>
   </div>
   <div class='ocr_carea' id='block_1_4' title="bbox 277 3958 576 4032">
    <p class='ocr_par' dir='ltr' id='par_1_7' title="bbox 277 3958 576 4032">
     <span class='ocr_line' id='line_1_31' title="bbox 277 3958 576 4032; baseline -0.003 -14"><span class='ocrx_word' id='word_1_200' title='bbox 277 3958 308 4030; x_wconf 74' lang='lat' dir='ltr'>a)</span> <span class='ocrx_word' id='word_1_201' title='bbox 333 3961 371 4026; x_wconf 80' lang='lat' dir='ltr'>lo.</span> <span class='ocrx_word' id='word_1_202' title='bbox 393 3963 510 4022; x_wconf 85' lang='lat' dir='ltr'><em>XVIII.</em></span> <span class='ocrx_word' id='word_1_203' title='bbox 530 3973 576 4032; x_wconf 67' lang='lat'>39.</span> 
     </span>
    </p>
   </div>
   <div class='ocr_carea' id='block_1_5' title="bbox 0 0 1242 4568">
    <p class='ocr_par' dir='ltr' id='par_1_8' title="bbox 0 0 1242 4568">
     <span class='ocr_line' id='line_1_32' title="bbox 0 0 1242 4568; baseline 0 3"><span class='ocrx_word' id='word_1_204' title='bbox 0 0 1242 4568; x_wconf 95' lang='lat' dir='ltr'> </span> 
     </span>
    </p>
   </div>
  </div>
 </body>
</html>
