2474 4568
649 275 882 313 m

183 424 297 491 cim
326 303 377 376 ⁹⁴
471 426 572 518 cn
600 427 633 516 P
661 403 703 517 u
731 427 774 516 T
831 424 1060 518 canus.

160 544 309 720 Q
325 608 654 684 PRAEDICTUM
689 607 960 705 EXCIDIUM
998 609 1198 684 TEMPLI

399 734 918 823 HIEROSOLYMITANJ,
956 735 1125 823 URBIS,⁴

663 852 713 919 ET
742 857 864 920 01:818.

325 1007 564 1111 Quibusdam
592 1007 799 1084 dicentibus
826 1007 871 1082 de
898 1008 1067 1106 templo,
1096 1008 1196 1109 quod

376 1127 484 1200 bonis
512 1124 720 1222 lapidibus,
747 1139 785 1200 et
810 1123 918 1200 donis
945 1139 1122 1203 ornatum
1145 1151 1196 1202 es-

375 1255 453 1329 set,
481 1240 596 1340 dixit:
624 1239 732 1328 Hace,
760 1264 840 1339 quae
866 1240 1019 1329 videtis,
1046 1244 1196 1318 venient

374 1359 475 1446 dies,
510 1359 710 1455 inquibus
739 1383 819 1436 non
847 1357 1077 1456 relinquetur
1094 1358 1196 1457 ‘lapis

375 1474 481 1573 super
518 1473 710 1571 lapidem„
754 1475 819 1573 qui
858 1497 936 1548 non
976 1473 1193 1550 destruatur.

376 1589 705 1690 Interrogaverunt
722 1606 846 1666 autem
862 1590 988 1679 illuns,
1011 1591 1192 1668 dicentes:

376 1704 601 1806 Praeceptor,
624 1708 773 1806 quando
792 1706 870 1782 haec
889 1721 1016 1795 erunt,
1039 1722 1077 1783 et
1094 1707 1195 1807 quod

374 1823 522 1922 iignum
544 1848 630 1900 cum
651 1821 729 1898 fieri
750 1823 956 1920 incipient?
983 1823 1063 1928 Qui
1085 1825 1194 1900 dixit:

375 1939 417 2016 V
416 1942 525 2028 ideae,
552 1963 595 2016 ne
611 1929 864 2038 seducamini:
891 1939 998 2017 malti
1017 1945 1113 2017 anim
1135 1965 1194 2016 va-

373 2059 528 2131 aientia
548 2061 689 2133 nomiae
705 2082 800 2145 mea,
828 2057 999 2144 dicentes,
1027 2060 1114 2153 qaia
1133 2081 1194 2154 ega

362 2173 474 2275 fam:
501 2185 536 2250 et
564 2185 701 2272 teinpus
729 2176 1060 2270 appropinquavit:
1087 2173 1194 2250 nal'te

372 2314 457 2386 erga
474 2294 530 2365 ire
541 2302 626 2387 post
643 2314 699 2367 eos
716 2301 779 2367 etc.
827 2287 917 2365 Luc.
937 2287 1049 2366 XXI.
1073 2275 1106 2382 5ss
1126 2303 1193 2366 etc

155 2662 237 2734 Signa
315 2575 510 2742 Josephus
538 2642 597 2714 lib.
624 2634 687 2712 VI.
720 2644 764 2714 de
794 2646 890 2717 bello
921 2641 1069 2717 Judaico
1101 2671 1130 2718 c.
1156 2665 1193 2734 ς.

152 2736 366 2858 {Tcffiuide
408 2759 512 2852 siguis
557 2757 732 2828 excidium
776 2762 871 2831 urbis
915 2762 1195 2857 praecedentibus

320 2897 490 2960 tractans,
513 2874 847 2970 pseudoprophetas
866 2903 884 2949 a
906 2878 1081 2974 tyrannis,
1103 2905 1194 2974 quos

319 2993 504 3088 optimates
525 2991 724 3062 Judceorum
743 3012 868 3079 vocat,
885 2995 1095 3067 subornatos
1118 3023 1195 3092 per-

318 3109 439 3194 hibet,
475 3128 580 3202 atque
614 3108 850 3191 „vaticinium
886 3110 1116 3205 ambiguum,
1157 3132 1195 3184 ut

203 3276 206 3282 -
318 3226 493 3320 loquitur,
520 3224 555 3295 in
581 3223 681 3296 sacris
703 3225 799 3298 libris
820 3248 1015 3322 repertum,
1043 3225 1110 3300 illis
1135 3229 1194 3300 cir·

198 3322 200 3335 .
318 3341 401 3412 citer
425 3343 643 3436 temporibus
668 3344 844 3435 quendam
868 3368 912 3413 ex
937 3344 1095 3438 ipsorum
1119 3345 1195 3417 fini·

316 3457 384 3528 bus
412 3459 610 3551 profectum
639 3457 734 3527 orbis
761 3477 928 3529 terrarum
956 3460 1105 3556 imperio
1131 3489 1194 3558 po-

317 3575 497 3645 titurum“
533 3573 576 3644 ad
608 3572 863 3666 Vespasianum
896 3577 1010 3655 refert.
1042 3665 1048 3679 ι
1079 3579 1191 3672 Quod

180 3771 181 3778 p
209 3787 218 3796 μ
318 3713 598 3781 commemorans
626 3689 800 3762 Eusebius
829 3693 887 3764 lib.
916 3694 977 3784 III.
1002 3693 1081 3768 hist.
1101 3700 1191 3782 ecci.

318 3833 347 3881 c.
382 3817 414 3882 8.
455 3856 476 3890 „
491 3807 650 3891 Verum,
694 3810 911 3904 respondet,
952 3811 1192 3907 Vespasianus

315 3932 394 4017 ‘non
423 3921 528 3996 totius
555 3922 650 3994 orbis
679 3945 866 4012 terrarum,
893 3927 954 3998 sed
983 3928 1190 4006 Romanum
