2474 4568
253 321 326 392 250
575 293 808 355 Ξ

63 427 68 440 ‚
111 436 229 501 ΨΜ
252 455 321 529 sure
353 467 573 548 argumento.
657 448 722 522 Ad
749 446 837 546 quid
872 447 967 523 enim
999 421 1133 524 iiiceret

106 558 226 619 cmm·
256 571 417 644 Christus
448 569 584 654 homo,
622 580 699 660 quia
734 578 830 645 Pater
858 578 959 638 m'aior
989 595 1039 639 me
1065 589 1128 656 est,

95 667 240 739 W*
255 689 383 784 (quod
407 687 468 794 qui
492 685 640 770 diceret,
670 683 753 757 risui
775 711 811 757 se
834 703 1048 782 exponeret
1061 683 1130 780 qui·

245 805 340 882 libet
365 798 567 892 homo)
534 828 600 875 nisi
591 801 719 876 simul
740 788 843 878 Deus
866 823 979 889 esset3
1008 800 1127 892 Deam

250 947 340 998 vero
369 948 406 993 se
435 936 509 992 etse
538 919 692 1015 probat,
732 937 771 990 ut
798 922 907 1016 paulo
935 938 1019 992 ante
1049 939 1125 1014 prat·

252 1021 344 1112 iiicta
368 1039 465 1111 Judae
490 1031 693 1135 proditione
720 1036 773 1112 J0.
797 1036 901 1112 XIII.
929 1059 984 1130 ¹9·
1012 1045 1124 1106 Amodo

251 1163 321 1228 dico
348 1165 459 1246 vobis,
488 1166 700 1248 priusquam
725 1161 816 1241 fiat:
855 1175 891 1227 ut
918 1181 988 1225 cum
1003 1161 1122 1242 factum

242 1280 368 1362 suerit,
406 1281 561 1357 credatis,
597 1282 673 1362 quia
699 1299 751 1357 rgo
762 1278 862 1360 sum,
895 1269 1029 1343 scilicet
1056 1275 1119 1360 Qui

251 1409 330 1462 Sitti
356 1384 417 1478 a),
445 1387 591 1462 iehova.
644 1397 686 1458 Et
711 1415 788 1465 uruit
814 1398 882 1460 dixi
906 1395 1020 1474 uobis,
1041 1397 1133 1476 ptius,

244 1528 345 1598 “quom
369 1511 457 1591 fiat:
501 1525 537 1574 ut
566 1513 783 1592 cum‘sactum
804 1513 932 1593 suerit,
972 1513 1118 1577 credatis.-

249 1624 334 1695 dum
367 1620 529 1693 nimirum
560 1619 597 1693 in
632 1619 817 1718 procinctu
848 1640 922 1695 erat
951 1620 1002 1693 -ad
1026 1642 1119 1711 ,com-

247 1738 420 1835 plendum
453 1761 545 1834 opus
576 1735 803 1811 redemtionis
837 1757 989 1824 nostrae,
1026 1736 1119 1808 insta·

246 1879 372 1949 terque
395 1875 552 1949 tempus,
578 1853 705 1950 paratis
726 1853 794 1928 iam
818 1880 897 1929 cum
919 1853 1010 1929 iuda
1031 1853 1120 1928 licto·

245 1972 354 2048 ribus
416 1971 510 2045 Hinc
541 1970 660 2046 addit·
697 1980 771 2053 Jam
800 2000 859 2043 uon
888 1982 990 2044 multo
943 1955 1120 2062 lloqurir

247 2101 425 2162 votu'scum:
453 2114 532 2162 cum
554 2089 692 2166 adesset
715 2087 804 2168 hora
826 2115 892 2160 nos
913 2087 1121 2206 eripiendit

245 2195 421 2304 potestate
440 2206 622 2281 demonis
664 2215 752 2293 Venit
769 2217 847 2280 raim
864 2217 1006 2296 princeps
1022 2213 1122 2276 muudi

246 2333 360 2409 liuius,
389 2346 420 2395 et
444 2336 477 2394 iu
502 2352 550 2395 rut
575 2351 634 2399 uon
662 2332 753 2396 habet
775 2333 970 2417 auidquam:
1004 2333 1036 2393 ia
1058 2349 1123 2408 mr,

243 2437 431 2535 inquito),
452 2452 505 2530 qui
521 2467 589 2513 tum
607 2446 758 2526 informa
776 2447 835 2511 Dei
851 2461 943 2526 esset,
963 2413 1038 2512 no⁰n
1059 2463 1124 2534 pro

243 2580 305 2642 se,
345 2556 406 2627 sed
435 2583 500 2656 pro
531 2554 658 2645 nobis,
696 2584 756 2626 noa
781 2567 925 2646 rapinam
953 2567 1124 2628 arbitratur

242 2694 305 2757 esr,
331 2700 392 2743 esse
412 2699 444 2749 se
464 2683 607 2762 aqualem
628 2680 715 2757 Deo,
731 2681 794 2773 sui
818 2692 967 2769 propter
992 2700 1061 2746 nos
1074 2681 1123 2762 sc·

138 2850 139 2854 ,
240 2799 403 2875 metipsum
429 2799 604 2876 exinaniuit
620 2797 762 2876 sormam
775 2798 867 2877 servi
891 2803 1065 2881 accipiens,
1092 2802 1122 2861 iu

232 2909 465 2988 fimilr'tudiuam
486 2913 642 2982 homiuum
655 2914 784 2993 sactus,
797 2929 836 2977 *er
853 2918 963 2979 habitu
980 2919 1122 3006 inverttut

240 3041 277 3092 ut
298 3029 397 3093 homo.
433 3030 623 3092 Humiliaoit
637 3031 838 3112 semetipsum
852 3033 965 3111 factus
986 3034 1121 3097 obeditur

236 3148 332 3229 utque
350 3127 394 3216 ad
408 3161 553 3227 mortam,
573 3161 701 3218 mortem
722 3161 826 3217 autem
848 3152 953 3212 crucis.
991 3150 1120 3232 Propter

236 3265 322 3345 quod
341 3279 371 3330 tt
393 3264 477 3333 Deus
495 3267 653 3335 exaltavit
672 3267 781 3344 iilum,
809 3281 840 3332 et
856 3268 988 3329 donauit
1005 3266 1054 3328 iili
1070 3284 1119 3328 uo·

235 3392 303 3442 men
320 3410 337 3455 ‚·
372 3385 455 3463 quoti
479 3380 637 3465 estsuper
663 3401 749 3445 omae
775 3401 880 3449 ,nomen
900 3398 927 3441 :¹
947 3395 985 3444 ut
1011 3388 1044 3445 iu
1069 3401 1118 3444 no·

235 3499 317 3558 mirre
340 3496 420 3566 Jcsu.
442 3516 528 3563 omne
550 3515 630 3580 gerru
650 3501 798 3580 flectatur
824 3500 1016 3576 celestium,
1061 3513 1115 3563 ter·

232 3596 396 3689 restrium,
422 3627 453 3675 et
477 3613 690 3694 infernorum,-
717 3627 747 3676 tt
772 3618 869 3677 omnis
894 3617 1002 3692 lingua
1028 3603 1146 3693 confi-⁸

230 3741 355 3806 tratur,
390 3733 467 3817 quia
492 3730 640 3800 Dominus
665 3733 757 3806 Jtsus
782 3733 917 3794 Christus
947 3736 983 3796 iu
1013 3735 1121 3815 gloria

179 3888 181 3892 ψ
234 3859 279 3909 est
305 3845 364 3936 Dei
390 3846 508 3937 Patris.

267 3978 401 4055 03:013·
420 3984 482 4042 III.
504 3981 553 4054 14(
634 3981 670 4057 b)
684 3986 755 4044 Phil.
775 3984 819 4043 II.
840 3989 865 4042 6.
895 4012 897 4018 ·
