2474 4568
257 269 327 355 156
576 297 806 313 ·---

111 409 226 475 CA‘UT
254 416 402 487 huinsce
426 411 544 500 vocis,
570 436 664 504 neque
685 420 794 498 filins,
817 436 996 509 memores
1023 409 1133 483 fidem

108 531 221 588 CXXX·
254 532 303 604 illi
347 529 539 625 denegetis.
608 526 780 600 Praeterea
816 528 921 599 valde
957 526 1043 600 utile
1083 545 1133 601 est

95 648 237 734 W*
255 650 362 720 finem
391 668 425 718 et
451 647 545 718 diem
575 645 654 718 finis
680 647 866 741 ignorare,
894 660 965 730 n'e,
993 643 1025 716 si
1052 671 1133 718 eum

254 784 533 859 cognoscerent,
551 762 798 834 intermedium
815 762 1037 858 negligerent
1050 781 1132 833 tern-

254 898 343 978 pus,
381 882 525 974 diesque
547 879 618 949 fini
649 879 831 974 proximos
864 897 1147 975 exspectarent,¹

254 1019 295 1069 ut
320 1019 403 1069 tnnc
429 1000 539 1068 solnm
568 996 630 1066 fibi
656 1014 906 1093 vacarentffit
934 995 1130 1089 vigilarent.

255 1113 343 1204 Quo
373 1114 461 1184 circa
490 1134 629 1207 ternpus
660 1114 782 1184 mortis
809 1112 1026 1207 fingnlorum
1058 1110 1132 1183 reti·

255 1230 345 1314 cuit,
375 1256 419 1300 ne
441 1229 643 1301 huiusmodi
663 1229 868 1323 cognitione
889 1229 1003 1299 inflati
1023 1227 1132 1299 homi·

145 1390 148 1395 ·
253 1373 336 1433 nes,
360 1373 545 1416 maximam
565 1366 733 1441 temporis
754 1368 887 1442 partein
912 1346 1130 1440 negligenter
1163 1400 1166 1405 -

254 1481 400 1557 agerent
443 1485 506 1534 etc.
523 1465 545 1499 “
631 1463 662 1532 S.
703 1461 972 1555 Augrtttnrus
965 1488 999 1532 [ιι
1040 1454 1166 1555 libro}

254 1580 299 1651 de
328 1579 472 1651 diversis
500 1578 753 1706 quaestionibus
778 1578 990 1649 LXXXIII
1015 1598 1166 1685 quaest}

252 1695 333 1767 LX.
357 1694 395 1784 o)
421 1717 456 1766 ct
480 1696 607 1791 passim
631 1696 710 1765 alibi
734 1697 824 1766 lianc
842 1715 972 1766 movet.
1026 1688 1166 1781 Euat-l

251 1838 303 1886 [ιιι
307 1813 389 1884 ione
411 1813 445 1881 in
472 1812 597 1882 l'saltn.
618 1811 681 1882 VI.
700 1810 736 1899 ὸ)
756 1817 948 1884 nonnullos
969 1808 1166 1909 perstrin

251 1955 361 2024 gens,
399 1927 459 2022 qni
487 1950 567 2024 post
592 1931 724 2023 septem
754 1931 859 2001 rnillia
886 1955 1061 2000 annorum
1086 1927 1166 2057 abg

253 2048 391 2130 Adam,
419 2046 517 2140 quasi
547 2049 722 2141 completa
749 2048 975 2118 hebdomada
1003 2028 1166 2117 adv-len

249 2183 325 2234 turn
366 2162 497 2234 Chri-ti
540 2165 759 2249 coniiciunt,
806 2168 916 2235 allatis
956 2165 1166 2259 scripturae„
1154 2136 1166 2221 l

248 2281 357 2366 locis,
386 2281 514 2374 quibus
544 2281 617 2351 htc
639 2280 838 2353 omnibus
829 2303 949 2374 ignota
976 2307 1053 2351 esse
1081 2266 1166 2393 di:

250 2419 397 2482 cuntur,
427 2397 668 2483 concludens,
700 2396 1166 2501 neminemsrbicompu·
1159 2396 1166 2441 ¹

247 2516 382 2586 tatione
407 2516 522 2608 aliqua
550 2540 723 2585 annorum
756 2540 918 2608 arrogare
946 2513 1123 2585 scientiam
1155 2486 1166 2639 i

245 2631 528 2724 illiustemporis
557 2631 709 2701 debere:
751 2619 816 2716 „Si
847 2631 961 2714 enirn,
992 2630 1164 2725 inquit,
1159 2646 1166 2723 ,j

245 2767 329 2841 post
352 2749 482 2839 septem
505 2746 609 2814 rnillia
632 2773 805 2817 annorum
829 2749 885 2818 ille
908 2748 982 2818 dies
1006 2768 1166 2818 ventum

244 2889 302 2933 rus
327 2883 398 2946 est,
435 2862 548 2932 ornnis
575 2861 685 2932 horno
711 2884 831 2969 potest
853 2864 954 2935 annis
980 2889 1124 2961 compu·
1154 2854 1166 2979 I

243 2981 321 3050 tatis
360 2979 550 3049 adventum
588 3005 662 3050 erus
696 2982 887 3054 addiscere.
957 2980 1041 3053 Ubi*
1063 2981 1124 3054 erit
1161 2998 1166 3067 ,ἲ

244 3123 352 3190 ergo,
389 3096 488 3190 quod
516 3123 580 3167 nec
606 3095 713 3169 Filius
740 3099 809 3171 hoc
841 3099 970 3171 novit?
1011 3099 1123 3192 Quod
1163 3082 1166 3095 ἵ

242 3216 365 3308 ntique
396 3214 478 3285 ideo
510 3214 641 3286 dictu'm
674 3237 748 3303 est,
786 3218 865 3312 quia
901 3242 964 3311 per
994 3215 1122 3288 Filium

239 3332 393 3401 hominis
418 3333 488 3403 hoc
513 3358 586 3402 non
616 3333 775 3418 discunt,
805 3359 879 3403 non
905 3333 1004 3426 quod
1025 3329 1123 3428 aipud

241 3448 373 3542 seipse
405 3474 477 3515 non
503 3447 659 3532 noverit,
687 3450 887 3543 secundum,
903 3450 997 3521 illam
1025 3453 1125 3523 locu·

239 3567 395 3651 tionem:
436 3571 547 3633 Tentat
572 3592 628 3632 vor
650 3573 799 3637 Dominus
824 3577 907 3638 Dens
936 3590 1060 3654 vester,
1088 3586 1123 3638 ut

227 3690 337 3768 sciat,
373 3680 409 3748 id
435 3700 502 3767 est,
538 3680 621 3753 [cire
643 3683 745 3756 faciat
767 3713 855 3757 vos:
890 3686 959 3756 Et:
996 3695 1123 3770 Exurge

236 3808 388 3881 Domine,
426 3797 462 3868 id
493 3819 566 3885 est,
595 3810 656 3886 soc
692 3832 746 3872 nor
781 3831 950 3888 exsurgere.
1023 3802 1120 3878 Cum

270 3941 301 4014 a)
323 3947 355 4000 T.
378 3944 429 4026 VI·
445 3957 472 4015 P·
492 3955 536 4012 ³3·
616 3943 646 4014 b)
669 3950 701 4002 T.
721 3950 774 4004 IV.
792 3962 818 4018 p.
840 3966 882 4005 22.
