2474 4568
333 292 404 362 154
470 335 474 341 .

182 412 299 478 cama·
326 422 364 493 in
385 420 470 494 fidei
490 421 559 493 suae
579 420 740 492 firmitate
760 438 795 492 et
812 417 884 490 Dei
905 416 1031 490 timore
1050 436 1206 513 perstan-

182 534 296 589 GXXX·
330 561 400 623 tes,
426 536 613 632 imaginem
636 537 757 608 bestiae
781 562 855 607 non
876 535 1120 621 adoraverint,
1148 562 1204 607 ne·

167 640 310 706 “V“
326 682 396 751 que
426 656 470 727 ad
498 655 636 726 funesta
657 653 731 725 eius
752 673 786 723 et
804 652 967 747 sacrilega
986 652 1102 723 edicta
1123 657 1205 723 con·

325 771 535 844 senserint.“
574 769 613 841 P.
629 768 718 842 Lud.
734 768 879 842 Alcasar
895 769 1067 865 interpres
1085 769 1204 864 copio-

323 889 497 974 sissimus,
517 887 552 958 in
568 887 687 982 Apoc.
702 886 794 957 XX.·
806 910 840 973 4.
859 906 1020 972 testatur,
1039 885 1204 981 interpre·

326 1025 378 1076 tes
405 1031 530 1076 omnes
554 1003 744 1099 generatim
771 1004 996 1099 supponere,
1026 1003 1201 1074 neminem

323 1122 525 1194 sanctorum
548 1121 799 1218 excipiendum
821 1144 841 1189 a
862 1118 1202 1215 resurrectionepri·

324 1264 398 1323 ma,
417 1239 580 1333 adeoque
595 1240 639 1309 ad
654 1262 802 1331 regnum
816 1235 948 1307 Christi
961 1237 998 1305 in
1015 1236 1114 1307 terris
1128 1261 1200 1331 ptr·

290 1438 293 1444 4
323 1353 456 1443 tinere,
486 1356 624 1450 dequo
646 1355 729 1425 alibi
752 1373 939 1425 tractamus
964 1378 1008 1424 ex
1031 1352 1198 1425 instituto

402 1550 435 1557 --
443 1529 1121 1571 *a

483 1658 784 1749 CAPUT
841 1657 1047 1749 CXXX

324 1819 400 1894 UT
444 1822 653 1937 SEMPER
696 1821 893 1894 VIGILES
937 1822 1088 1896 SIMUS
1131 1820 1198 1895 ET

657 1938 871 2012 PARATI.
1227 1932 1232 1941 ’

324 2080 493 2182 Vigilate
526 2108 637 2182 erga,
680 2064 768 2182 patin
800 2088 968 2174 nescitis,
986 2182 989 2189 1
1006 2109 1079 2182 qun
1111 2085 1198 2162 horn

371 2202 553 2282 Dominus
573 2215 694 2279 vester
714 2214 893 2279 venturus
904 2200 965 2298 fit.
1018 2200 1119 2278 Illud
1139 2226 1197 2278 au·
1225 2298 1229 2305 .

373 2333 453 2394 tem
475 2319 628 2407 scitote,
656 2325 836 2417 quoniam
862 2320 893 2395 si
917 2319 1023 2395 sciret
1042 2319 1197 2418 paterfa-

371 2437 515 2523 milias,
551 2459 625 2534 qua
654 2436 747 2511 hora
775 2435 836 2513 fur
866 2447 1046 2512 venturus
1080 2448 1196 2524 esset,

371 2553 544 2651 vigilaret
565 2555 715 2651 utique,
743 2566 781 2629 et
801 2577 881 2629 non
901 2552 1034 2628 sineret
1053 2552 1216 2652 perfodi.

371 2669 529 2745 domum
554 2667 665 2742 suam.
719 2667 811 2745 Ideo
836 2683 873 2744 et
899 2695 966 2745 vos
988 2683 1110 2746 estote
1136 2693 1197 2768 pa-

368 2787 456 2859 rati:
497 2784 583 2881 quia
603 2806 675 2881 qua
700 2788 848 2860 nescitis
872 2786 965 2863 hora
988 2785 1103 2864 Filius
1129 2778 1214 2864 ho?

369 2903 479 2976 minis
504 2915 683 2976 venturus
708 2914 772 2977 est.
840 2902 958 3007 Quis,
985 2917 1115 3004 putam,
1144 2916 1196 2982 est

367 3015 485 3092 fidelis
511 3015 656 3107 servus,
685 3032 722 3094 et
749 3021 937 3118 prudens,
965 3046 1080 3121 quem
1107 3046 1195 3100 con-

368 3137 490 3212 stituit
531 3134 707 3213 dominus
745 3136 830 3214 suus
873 3137 980 3237 super
1017 3138 1193 3216 familiam

367 3254 493 3342 suam,
519 3266 564 3329 ut
589 3253 653 3330 det
678 3255 749 3332 illis
779 3259 905 3332 cibum
927 3260 967 3332 in
990 3257 1192 3359 tempore?

366 3366 504 3447 Matth.
532 3366 684 3446 XXIV.
712 3399 772 3470 42.
801 3386 870 3448 etc.

7 3743 9 3753 ,
116 3709 119 3715 ·
144 3686 302 3749 ldeoirrer·
313 3606 434 3751 Huc
460 3678 601 3751 tandem
627 3679 716 3752 redit
744 3699 812 3751 tam
837 3683 982 3755 salutare
1005 3708 1192 3773 arcanum,

142 3770 202 3816 turn
216 3763 296 3818 nobis
459 3793 465 3806 ·
553 3797 560 3808 ·
881 3816 883 3820 .
912 3799 918 3811 ·

34 3849 44 3859 ,
71 3856 84 3864 .,
141 3840 296 3901 ent-tempus
314 3822 354 3869 ac
378 3795 524 3868 sublime
550 3799 662 3884 illud,
699 3799 799 3892 quod
828 3799 988 3893 pluribus
1018 3801 1195 3876 hactenus

140 3901 272 4026 pm?
313 3913 613 3991 consideravimus
644 3913 681 3984 in
712 3914 947 4010 responsione
980 3916 1114 3995 Christi
1144 3920 1200 3994 ad
