2474 4568
542 270 580 277 ,.
644 269 649 311 Ι

907 307 978 380 335
1023 299 1031 315 '

94 432 216 534 rumpi
237 432 434 520 volebant,
461 433 548 528 quid
570 426 771 515 dicebant?
824 434 1122 528 elausere-‘cmv

94 567 185 644 bere,
212 551 402 648 inquiunt,
428 577 484 622 rex
514 559 689 631 Judaeorum
702 593 715 637 ,·
729 561 793 642 sed
815 567 893 647 quio
916 560 981 649 ipse
998 537 1125 619 chlil.

95 684 206 746 dixit:
239 679 304 743 Rex'
322 676 400 761 sum
427 675 613 748 Judaorum,
665 667 766 762 Quid
794 672 1138 769 loquiminim

94 785 243 862 insani?
290 783 391 880 Quid
408 778 485 857 fieri
502 776 765 875 contradicitis,
791 783 890 885 quod
908 817 983 865 mus

95 924 172 979 tare
200 899 415 977 nullomodo
441 895 625 998 potestis?
676 891 856 1002 Nunquid
886 908 983 985 eninr

84 1042 288 1122 propterea
311 1040 388 1093 uon
414 1018 479 1093 erit
505 1038 653 1109 verum,
680 1022 762 1119 quia
784 1017 884 1097 Jesus
907 1025 981 1100 ait:

98 1151 165 1214 Rex
171 1149 248 1231 sont
264 1140 449 1220 judeorum
498 1136 534 1210 Si
552 1141 732 1237 corrumpi
751 1162 824 1214 non
841 1160 997 1239 potest9.
1111 1140 1116 1153 ⁶

97 1250 200 1377 quod
239 1248 370 1328 Pilatus
406 1252 568 1351 scripsit,
613 1258 794 1354 corrumpi
835 1259 986 1357 potest,

98 1352 200 1473 quod
216 1371 345 1447 veritas
363 1370 484 1444 dixit?
535 1363 604 1443 Sed
621 1371 825 1448 Judaeorum
845 1394 985 1454 tantum

98 1518 162 1565 rex
189 1512 242 1566 est
266 1481 451 1576 Christus,
478 1505 524 1560 an
548 1506 583 1560 et
603 1487 796 1584 gentium?
845 1492 924 1567 Imo
949 1512 986 1570 er

81 1603 269 1707 gentium.
284 1608 307 1644 “
366 1605 449 1679 Hoc
473 1605 580 1701 igitur
610 1606 689 1697 vult
716 1605 838 1682 titulus
870 1610 988 1686 crucis

97 1747 174 1800 non
215 1717 380 1797 hebraice
420 1742 584 1811 tantum,
623 1714 685 1795 sed
725 1723 829 1797 etiam
866 1746 986 1822 graece

97 1843 249 1939 scriptus
275 1854 311 1914 et
334 1839 442 1913 latine
464 1839 599 1913 indicio
621 1840 723 1936 regni
742 1841 803 1914 seu
827 1841 987 1919 ecclesiae
1081 1862 1084 1871 '

99 1956 262 2045 Christi,
293 1955 515 2055 perorbem
544 1948 745 2028 dilatandae,
797 1945 917 2059 Quam
945 1961 986 2036 in

97 2100 176 2151 rem
197 2072 442 2148 Tertullianus
465 2071 621 2145 exordiis
640 2061 745 2144 huius
762 2073 813 2144 rei
831 2074 989 2152 vicinior

95 2196 208 2270 allato
233 2191 422 2290 psalmistae
444 2192 551 2263 locos
579 2178 621 2260 'In‘
643 2208 760 2261 omnem
783 2210 898 2264 terram
921 2206 988 2265 exis

80 2319 267 2400 ‘dissonus
294 2331 397 2381 eorum
411 2344 436 2395 ,·
452 2329 482 2381 et
511 2312 544 2379 in
565 2307 644 2394 fines
671 2308 754 2380 orbis
780 2319 865 2380 ’τινα
889 2320 987 2384 verba

97 2456 206 2503 eorum
220 2463 233 2513 ‚·
263 2446 389 2500 contra
415 2416 557 2497 Judaeos
584 2415 764 2513 scribens,
796 2446 989 2523 postquam

98 2551 214 2642 longa
239 2544 326 2617 serie
352 2542 569 2614 nominasset
589 2541 754 2638 regiones
776 2569 816 2616 ac
831 2549 989 2640 gentes,

99 2660 202 2762 apud
223 2680 310 2757 quas
328 2654 460 2732 Christi
479 2658 550 2731 iam'
572 2677 656 2731 tune
678 2676 828 2755 regnum
849 2661 988 2736 fuerat}

101 2777 264 2874 „Quid‚
285 2772 404 2851 subdit
417 2768 482 2866 a),
506 2769 552 2849 de
570 2773 746 2851 Romanis
762 2773 903 2867 dicam,
925 2779 991 2875 qui

102 2897 151 2970 de
191 2892 377 2992 legionum
408 2896 552 2968 'suarum
588 2885 762 2991 praesidiis
799 2885 989 2992 imperium

101 3016 207 3087 fuum
230 3011 417 3100 muniunt,
445 3027 511 3084 nec
535 3029 630 3085 trans
652 3011 735 3085 istas
758 3032 883 3109 gentes
907 3033 992 3112 por·

103 3131 221 3226 rigere
240 3130 333 3204 vires
354 3128 454 3224 regni
471 3127 521 3201 lui
543 3128 727 3224 possunt?
781 3126 914 3202 Christi
933 3155 994 3204 au·

105 3268 180 3322 tem
212 3267 362 3343 regnum
394 3264 429 3318 et
455 3269 593 3316 nomen
615 3241 749 3339 ubique
776 3232 996 3340 porrigitur,

105 3365 243 3461 ubique
259 3357 430 3453 creditur,
452 3361 499 3436 ab
517 3354 685 3436 omnibus
702 3361 869 3458 gentibus
886 3363 993 3494 supra

109 3481 324 3556 enumeratis
348 3463 497 3570 colitur,¹
524 3474 660 3578 ubique
685 3493 829 3576 regnat,
855 3462 1028 3576 ubique

104 3599 299 3687 adoratur,
326 3592 494 3672 omnibus
516 3594 651 3695 ubique
672 3584 836 3671 tribuitur
854 3596 995 3694 aequali·

109 3737 184 3804 ter;
203 3743 280 3790 non
295 3709 388 3812 regis
406 3706 504 3813 apud
521 3709 619 3788 illuns
637 3712 750 3785 maior
767 3714 897 3811 gratia,-
916 3735 994 3788 non

111 3833 261 3908 Barbari
282 3832 428 3907 alicuius
450 3830 594 3905 inferior
614 3825 755 3920 laetitia,
784 3859 858 3907 non
885 3829 999 3930 digni«

148 3978 180 4051 a)
201 3981 230 4040 θ.
248 3997 275 4053 7.
293 3993 320 4054 p·
342 3989 401 4052 189.
