2474 4568
256 268 331 339 282
580 252 815 312 “-“ῑ“-““---““

115 404 233 470 Cfflss’
256 409 310 506 gis
329 400 618 483 resurrectione?
665 405 764 481 ¹Nam
782 403 820 479 in
839 399 1004 502 passione
1023 403 1153 502 magis

125 527 218 584 CUV·
257 527 332 601 eius
362 523 567 615 humilitas,
601 547 708 622 quarn
741 522 893 598 claritas
910 523 1132 603 commenda·

53 685 54 688 =
96 641 336 733 wem,
366 641 548 740 Apostolo
579 642 718 716 dicente
733 669 756 721 ι,
781 650 972 719 Humiliarn't
989 647 1133 731 semetip-

250 791 342 848 sum,
359 769 472 850 factus
490 743 628 837 obediens
649 752 744 852 usqae
765 768 808 832 ad
828 779 980 844 mortem,
1006 777 1132 829 mortem

249 899 356 951 antem
386 888 491 950 crucis.
541 875 694 953 Deinde<
712 875 891 972 sequitur,
922 893 958 949 et
985 874 1033 948 de
1060 872 1132 950 eius

248 993 499 1072 clarificatione
517 993 586 1068 iam
608 993 712 1069 dicit:
740 1005 870 1087 Propter
892 1001 977 1088 qnod
995 1013 1029 1064 et
1050 998 1130 1062 Dens

246 1122 539 1201 illamentatum,
565 1134 596 1189 tt
620 1100 753 1186 donabit
774 1124 803 1187 εἰ
826 1139 953 1196 nomen,
981 1115 1068 1202 qnod
1085 1123 1127 1179 cst
1151 1165 1154 1172 .

234 1236 336 1320 super
357 1258 445 1302 omne
461 1257 588 1317 nomen,
611 1251 647 1304 nt
663 1242 702 1302 in
722 1241 841 1301 nomine
857 1237 937 1309 Jesn
949 1253 1039 1299 omne
1052 1251 1130 1322 W

240 1358 392 1434 flectatur
421 1340 601 1434 calatium,
629 1350 836 1430 terraemota,
864 1364 895 1431 et
917 1331 1129 1433 infernorum,

246 1483 279 1536 et
297 1472 396 1536 omnis
419 1472 524 1551 lingua
545 1450 746 1551 confiteatur,
773 1475 850 1560 qnia
865 1468 1021 1533 Dominus
1041 1469 1131 1540 Jesns

251 1589 389 1651 christus
408 1593 440 1651 in
456 1589 559 1666 gloria
578 1573 624 1653 est
644 1588 703 1653 Dei
721 1576 852 1654 Patris(
880 1576 968 1650 Haec
985 1596 1039 1650 est
1056 1579 1130 1671 gro-

245 1694 396 1768 rificatio
416 1695 471 1771 Do
491 1695 539 1770 N.
563 1697 591 1770 J.
618 1696 663 1773 C.
685 1722 763 1792 quae
790 1698 835 1770 ab
861 1695 934 1770 eius
956 1719 1130 1767 resurrec-

246 1810 345 1884 tione
375 1811 759 1895 sumsit.exordium.“‚
810 1813 859 1887 Et
881 1815 990 1909 paulo
1015 1831 1126 1912 post:

245 1928 397 2022 „Quod
425 1955 512 2027 ergo
533 1929 599 2004 ait:
628 1942 743 2019 Patet,
762 1943 850 2012 venit
867 1941 963 2019 hora,
990 1938 1129 2015 clarifica

246 2055 362 2120 Filiam
381 2067 487 2134 turim,
511 2047 557 2124 sic
576 2047 844 2146 intelligendum
867 2068 937 2134 est,
958 2068 1128 2143 tanquam

247 2161 398 2235 dixerit:
425 2163 525 2238 venit
549 2165 638 2238 hora
664 2165 875 2239 seminandae
900 2164 1125 2250 humilitatis,

173 2297 174 2302 ’
243 2275 492 2358 ἱωαυιηῇοιι
509 2281 649 2353 differas
667 2282 881 2354 claritatis:“
904 2281 1041 2375 Quaerit
1057 2279 1127 2352 iam

191 2425 194 2431 ·
236 2397 336 2493 tquid
356 2389 418 2470 fibi
434 2398 539 2484 velit,
560 2399 660 2497 quod
682 2401 852 2495 sequitur:
876 2421 912 2471 ut
930 2409 1038 2472 Filius
1052 2421 1126 2470 tunt

198 2519 205 2526 “
245 2522 391 2600 clorfficet
407 2514 468 2601 te,
490 2517 724 2613 respondens
751 2537 867 2590 autem
897 2527 1047 2589 tractatu
1077 2515 1126 2587 se·

240 2630 367 2726 quenti
391 2630 613 2719 brevissime,
640 2685 662 2719 „
672 2651 861 2728 tanquam,
880 2633 1124 2720 ait„diceret:

242 2748 410 2820 resuscita
433 2775 513 2835 me,
548 2768 589 2821 ut
621 2748 820 2822 innotescas
855 2749 920 2822 toti
946 2748 1029 2821 orbi
1059 2773 1126 2846 per·

241 2867 344 2937 me.“
375 2863 469 2944 Hoc,
489 2883 541 2937 est
561 2868 660 2960 quod
682 2867 916 2962 sequiturt‘ut
934 2877 1032 2939 Filias
1050 2890 1124 2939 rnns

241 2988 390 3066 clarificet
414 3001 468 3071 te,
498 2987 582 3071 ficut
610 2992 720 3057 dedisti
747 2997 775 3055 ei
802 3006 992 3078 potestatem
1023 2996 1123 3056 omitit
1165 3074 1167 3079 ³

238 3111 360 3185 carnis,
383 3118 420 3169 ut
440 3112 544 3185 omne‚'
570 3111 655 3192 qnod
672 3111 783 3176 dedisti
808 3114 856 3188 ei,
883 3112 933 3174 det
955 3114 998 3174 eis
1018 3114 1122 3172 vitam

169 3224 173 3229 '
238 3237 389 3286 aternam.
455 3214 648 3291 Hac-non
681 3217 886 3311 contrariari
917 3217 971 3305 ei,
1013 3240 1142 3314 quam·

238 3332 344 3426 supra
365 3332 485 3429 (Cap.
512 3330 597 3425 81.)
621 3335 871 3432 exposuimus,
897 3335 1033 3408 Christi
1052 3339 1141 3408 cla-⁴

234 3445 424 3520 nificationi
439 3474 505 3546 per
520 3451 722 3545 passionem
743 3471 778 3524 ot
790 3474 940 3526 mortem
955 3453 990 3524 in
1006 3479 1118 3526 resur·

234 3563 395 3636 rectione
432 3566 519 3652 sua,
567 3565 661 3638 dicta
687 3569 900 3640 conferenti
944 3589 1115 3667 patescet.

233 3680 397 3754 Christus
413 3681 658 3758 satisfaciendo
675 3706 807 3761 aeterno
826 3686 937 3774 Patri,
957 3714 1024 3784 per
1042 3713 1118 3786 pas·

230 3798 369 3903 sionem
393 3818 427 3871 et
450 3820 601 3874 mortem
623 3801 720 3874 inam
744 3803 948 3879 clarificavit
973 3805 1114 3879 Patrem

229 3919 347 4005 suum,
369 3917 536 4015 iustitiam
552 3937 592 3994 et
608 3919 888 3997 misericordiam
912 3923 986 3998 eins
1004 3912 1114 3997 mani·
