2474 4568
58 436 224 510 homines
256 436 472 507 clamarunt:
512 442 583 504 Pax
608 447 642 506 in
667 443 749 508 celo.
819 435 939 530 Quam
969 430 1081 488 cm*

58 554 109 628 ob
149 553 257 626 rem?
308 550 421 645 Quod
451 549 613 622 nimirum
643 551 702 622 ille
727 552 839 640 adsit,
878 553 940 651 qui
983 548 1070 607 GKH·

58 669 228 742 omnibus
251 671 400 741 clamat:
439 677 510 739 Pax
532 676 640 753 vobis,
667 695 733 765 pro
760 695 834 765 quo
859 697 941 767 pro·
957 669 1099 732 W*

57 766 166 882 piieta
188 786 421 882 precabatur,
449 783 588 855 dicens:
626 793 755 858 Domine
782 796 864 860 Deus
890 815 941 858 no·

15 963 17 968 .
56 924 119 974 ster
139 930 253 992 pacem
278 912 322 973 da
347 914 452 974 nobis.-
493 900 563 972 hoc
591 921 664 987 est,
691 903 788 975 mitte
812 903 941 977 Filium

56 1039 159 1094 tuum
194 1017 438 1116 unigenitum,
476 1038 515 1091 ut
545 1044 608 1115 per
639 1045 722 1090 eum
754 1020 857 1092 nobis
889 1047 940 1093 re·

57 1135 279 1224 concilieris,
322 1135 448 1209 videns
485 1152 643 1205 naturam
682 1161 836 1209 nostram
876 1163 938 1234 pet

58 1278 138 1325 tum
167 1253 233 1325 tibi
261 1251 406 1325 unitam.
476 1249 596 1345 Quam
624 1276 749 1347 pacem
775 1253 939 1325 videntes

60 1373 221 1442 coelestes
245 1369 346 1442 chori
369 1367 590 1441 clamabant:
630 1378 735 1438 Gloria
758 1381 791 1440 in
814 1381 938 1442 excelsis

57 1472 206 1573 Deojet
232 1499 265 1557 in
283 1508 367 1560 terra
387 1512 483 1575 pax.-
518 1484 556 1555 id
584 1502 652 1571 est,
681 1486 837 1581 perfecta
863 1483 939 1557 Dei

58 1629 139 1677 cum
159 1602 317 1692 inimicis
343 1600 603 1688 reconciliatio,
644 1627 751 1696 quam
777 1621 811 1674 et
836 1600 940 1698 pueri

58 1746 139 1793 cum
177 1718 276 1792 docti
313 1738 454 1805 essent,
495 1719 721 1792 clamabant:
763 1728 937 1804 Hostiam,

54 1862 122 1929 pax
158 1847 192 1906 in
227 1846 321 1920 celo,
358 1857 388 1907 et
415 1847 519 1922 gloria
549 1849 582 1909 in
614 1848 782 1912 altissimis.
842 1836 940 1909 Nam

60 1978 144 2049 quae·
164 1950 257 2039 olim
275 1952 412 2025 infense
440 1954 640 2042 habebant,
664 1955 817 2027 fraterna
842 1979 940 2028 nunc

10 2118 12 2139 .
62 2070 228 2144 charitate
249 2088 412 2142 conserta
434 2072 536 2156 sunt3
572 2096 678 2143 unam
703 2071 856 2143 coelestia
880 2092 967 2164 pa···

10 2160 13 2285 i
62 2187 140 2260 riter
172 2211 214 2258 ac
248 2207 388 2258 terrena
418 2186 565 2258 Christo
602 2187 735 2259 coelesti
770 2187 869 2258 fimul
904 2205 939 2259 et

10 2374 15 2381 .
65 2302 214 2376 terrestri
243 2296 432 2388 divinitatis
462 2303 722 2390 confessionem
749 2328 790 2377 ac
816 2304 940 2376 adora·

11 2408 20 2529 ἶ,
67 2421 196 2497 tionem
222 2418 448 2499 offerentia.“
