2474 4568
95 456 283 543 plantatam
303 457 337 525 in
358 455 451 519 vinea
461 455 550 536 sua,
583 467 615 521 et
637 456 726 521 venit
748 473 879 542 quarem
890 456 981 537 fruo-
1005 440 1123 508 ΓΜ·

98 587 172 640 aum
196 574 337 652 intua,
363 584 394 635 et
421 591 482 636 non
505 575 633 638 invenit.
696 565 736 636 In
766 566 859 638 hanc
886 591 982 638 com·
1015 563 1113 621 cxvi·

101 682 282 754 mentatus
309 680 342 752 S.
369 677 602 762 Ambrosius:
637 680 770 775 „Quid
796 680 860 754 srbi
885 678 1138 770 vultst‘W

102 797 236 893 quaerit
251 793 311 887 a),
330 797 431 892 quod
447 795 485 868 in
501 796 700 895 Evangelio
718 800 782 870 suo
801 797 985 883 Dominus¹
1092 887 1095 892 Ι

102 915 311 1009 frequenter
339 913 397 987 fici
421 915 626 1010 parabolam
654 912 822 988 inducit?
865 913 988 989 Habes

105 1031 202 1103 enim
236 1029 342 1117 alibi,
382 1031 480 1127 quod
517 1029 611 1103 iussu
647 1029 800 1103 Domini
829 1030 987 1105 viriditas

103 1147 225 1231 omnis
251 1147 356 1230 huius
381 1146 470 1242 ligni
489 1147 687 1225 frondentis
714 1148 861 1222 aruerit:
889 1149 988 1223 unde

104 1262 278 1359 intelligis
311 1263 473 1337 omnium
506 1283 728 1353 creatorem,
774 1266 836 1363 qui
870 1283 990 1363 potest

102 1379 280 1477 imperate
310 1379 466 1466 naturis,
506 1400 546 1453 ut
571 1384 628 1453 vel
658 1400 817 1454 arescant
843 1381 987 1470 subito,

103 1499 165 1570 vel
189 1494 376 1573 virescant.
427 1495 529 1570 Alibi
553 1523 599 1570 ex
621 1495 858 1576 teneritudine
885 1498 988 1571 arbo·

102 1612 153 1686 ris
172 1611 278 1684 huius
295 1633 331 1686 et
346 1611 438 1685 foliis
456 1635 712 1719 commemorat
730 1614 857 1688 coniici
874 1616 989 1690 solere

103 1728 234 1805 aestatis
254 1730 465 1833 adventum,
488 1751 644 1829 utroque
662 1731 858 1833 significans
881 1750 916 1804 et
932 1731 990 1805 Ju·

103 1845 219 1919 daicac
243 1846 360 1943 plebis
383 1846 546 1938 inanem,
586 1875 690 1945 quam
721 1848 990 1945 praetendebat,

105 1963 259 2060 gloriam
285 1967 386 2038 velut
417 1964 546 2037 florem
579 1964 617 2039 in
648 1964 804 2039 adventu
834 1963 989 2040 Domini
1018 1984 1021 1989 ·

106 2079 302 2179 decidisse3
331 2079 412 2177 quia
435 2071 611 2177 ,operibus
640 2080 860 2155 infructuosa
887 2083 1012 2155 dura-t

105 2196 213 2270 bat“
262 2197 478 2293 *Explicans
507 2218 633 2294 postea
658 2216 727 2271 tres
751 2223 887 2284 annos,
915 2197 992 2293 qui·

104 2313 177 2387 bus
210 2313 431 2389 infructuosa
465 2301 534 2387 iam
567 2315 701 2389 suerat:
742 2313 908 2401 „Venit,
940 2311 993 2383 in·

104 2429 186 2526 quit
207 2426 269 2519 b),
297 2431 341 2503 ad
372 2430 579 2517 Abraham,
606 2427 707 2504 venit
733 2430 785 2502 ad·
805 2427 990 2526 Moysen,
1085 2505 1088 2521 ¹

104 2545 219 2622 venit·
231 2547 276 2621 ad
298 2546 476 2634 Mariam,
503 2549 574 2624 hoc
600 2566 678 2634 est,
703 2544 805 2650 venit
826 2544 864 2617 in
881 2545 991 2640 ligna·

105 2666 218 2751 culo,
257 2664 357 2737 venit
381 2664 420 2736 in
448 2669 549 2760 lege,
589 2662 756 2737 venitin
788 2659 991 2760 corpore.“
1056 2690 1059 2708 ·

107 2779 167 2853 Sic
190 2779 296 2874 igitur
318 2779 405 2853 dum
419 2776 558 2865 ,Christi
582 2797 618 2854 et
637 2782 883 2876 apostolorum
904 2803 992 2875 prae·

106 2896 240 2969 dicatio
258 2897 389 2991 frustra
414 2917 487 2984 est,
512 2896 580 2970 iam
606 2897 699 2971 iusto
721 2895 795 2969 Dei
815 2895 948 2969 iudicio
969 2921 995 2969 a·

109 3012 257 3086 Christo
281 3014 465 3092 maledicta
486 3013 628 3111 penitus
648 3000 879 3099 succidenda,
900 3033 935 3085 et
952 3011 992 3086 in

105 3127 230 3226 ignem
258 3131 431 3210 mittenda
453 3129 603 3214 exaruit,
670 3129 772 3204 Nihil
803 3128 993 3208 terribilius

108 3273 187 3320 esse
223 3266 345 3344 potest
378 3248 478 3333 hoc,
517 3247 618 3343 quod
655 3244 844 3319 ostendere
876 3245 994 3320 voluit

108 3363 274 3440 Christus
304 3366 341 3436 in
371 3365 521 3442 arefacta
547 3363 607 3437 fici
634 3362 788 3450 arbore,
824 3365 991 3458 exemplo

106 3479 145 3555 in
167 3481 370 3561 ludaeorum
391 3481 500 3568 statu,
527 3506 634 3579 quem
658 3479 805 3554 deflevit
825 3467 992 3577 proxime

107 3600 228 3673 adhuc
258 3599 489 3677 antecedente
515 3598 596 3685 die4
625 3624 707 3671 cum
732 3596 993 3693 appropinqua-

110 3736 164 3792 ret
184 3714 338 3811 civitati,
367 3743 474 3814 quam
495 3716 623 3791 videns
643 3713 746 3807 fleuit
769 3715 874 3812 super
893 3712 991 3790 illam

142 3895 252 3969 a)La'lr.
277 3898 345 3954 VII.
369 3897 400 3952 T.
420 3898 446 3952 Ι.
466 3915 491 3951 n.
514 3900 573 3974 169.
589 3908 617 3967 p
640 3904 716 3965 1448.

171 3974 203 4049 l)
221 3979 307 4033 Num.
329 3977 388 4030 166.
405 3987 432 4046 p.
454 3986 533 4043 1450.
638 4023 656 4029 ..
