2474 4568
182 423 296 484 cnm
348 457 386 482 ·-·
437 433 439 437 ’
464 422 499 513 C
527 423 565 513 A
592 420 626 511 P
654 417 1055 517 U.T.‘·'CXXIV.

174 544 298 598 W·
169 603 674 718 ijcrrursrus
719 601 831 679 cor
814 605 916 680 rus
959 602 1186 682 rrtros

198 785 200 789 ’
169 661 573 870 ΜΛΝΟοιῑςῑετὲζᾶϊίε
601 783 727 847 autem
752 765 963 860 Pharisaeis,
991 775 1198 873 interroga-

204 882 237 899 *
373 893 428 964 vit
455 911 518 964 eos
539 886 673 976 Jesus‚
702 887 851 964 dicens:
880 888 992 992 Quid
1015 890 1124 966 vobis
1150 891 1201 963 vi·

371 1006 481 1080 detur
502 1005 546 1080 de
570 1001 746 1080 Christo?
781 1007 885 1080 euius
907 1004 1002 1081 filius
1027 1006 1110 1081 est?
1135 1001 1201 1080 Di

374 1136 467 1198 cunt
496 1125 551 1199 ei:
580 1118 715 1196 David.
767 1119 831 1196 Ait
855 1121 952 1198 illis:
992 1118 1200 1226 Quomodo

375 1262 468 1336 ergo
498 1235 624 1313 David
650 1241 690 1312 in
721 1235 850 1336 spiritu
874 1253 985 1319 vocat
1009 1263 1097 1315 eum
1122 1232 1225 1315 Do?

376 1358 546 1442 minum,
571 1353 723 1430 dicens:
762 1350 885 1429 Dixit*
900 1353 1091 1432 Dominus
1122 1353 1202 1432 Do-

376 1476 481 1548 mino
503 1495 607 1546 meo:
634 1468 756 1544 sedea
781 1470 920 1549 dextris
941 1475 1056 1561 meis,'
1083 1459 1224 1549 donec'

376 1610 521 1688 ponam.
543 1589 715 1676 inimicos
733 1600 819 1662 tuos
840 1587 1039 1664 scabellum
1062 1579 1223 1688 pedum

377 1704 557 1781 tuorum?
582 1705 623 1780 Si
644 1695 731 1801 ergo
746 1703 879 1781 David
899 1696 1006 1782 vocat
1026 1729 1108 1782 eum
1126 1704 1202 1783 Do·

376 1824 539 1909 minum,
583 1821 753 1916 quomodo
782 1819 886 1918 filius
921 1825 998 1899 eius
1032 1825 1124 1898 est?
1170 1833 1203 1896 et

375 1959 476 2014 nemo
509 1927 657 2034 poterat
695 1939 729 2013 ei
766 1938 977 2034 respondere
993 1958 1000 1982 ¹
1014 1918 1168 2014 v'erbum
1191 1929 1225 2012 τ’

375 2075 500 2152 neque
543 2077 653 2129 ausus
697 2053 770 2130 fuit
813 2047 1011 2153 quisquam
1051 2077 1101 2130 ex
1144 2053 1203 2128 illa

376 2169 625 2269 dieamplius
659 2195 747 2247 eum
771 2172 1010 2270 interrogare.
1065 2167 1201 2248 Mattlr
1222 2267 1228 2280 ..

322 2294 328 2309 ‘⁸
375 2283 509 2365 XXII.
535 2312 596 2387 41.
625 2302 694 2365 etc.

192 2658 286 2714 Juxts
327 2567 538 2713 Vidimus
574 2635 710 2720 modo,
748 2657 789 2708 ae
822 2635 924 2731 plura
960 2632 1080 2710 adhuc
1114 2639 1205 2737 apud

192 2728 290 2852 Ξζζέω·
328 2750 577 2845 evangelistam
598 2734 957 2856 habentur'exempla
979 2780 1124 2842 eorum,
1149 2755 1205 2851 qui

326 2866 380 2938 his
401 2867 589 2962 postremis
611 2886 692 2938 ante
715 2868 916 2962 passionem
939 2871 1036 2941 suam
1050 2871 1205 2958 diebus,

326 2984 455 3078 quibus
492 3011 567 3087 non
600 2984 750 3062 cessavit
784 2985 960 3103 quotidie
982 3013 1001 3057 e
1036 2986 1207 3061 Bethania

324 3101 465 3172 rediens
484 3126 586 3172 mane
605 3102 765 3173 docere
756 3105 964 3198 intemplo,
988 3125 1071 3173 eum
1094 3129 1206 3176 acces·

324 3242 446 3290 serunt
480 3218 553 3288 smo
530 3217 676 3313 iliarim
709 3239 744 3291 et
778 3217 997 3292 coniunctim
1031 3245 1077 3289 ex
1108 3218 1205 3292 omni

321 3337 412 3406 statu
430 3279 674 3422 sacerdotum,
694 3335 913 3430 principum,
933 3334 1206 3422 Pharisaeorum,

322 3451 645 3538 Herodianorum,
705 3451 981 3549 Sadducaeorum
1030 3473 1210 3535 tentantes,

327 3595 430 3669 eum,
460 3587 499 3639 ut
529 3585 695 3662 caperent
721 3567 758 3636 in
786 3568 970 3653 sermone,
997 3590 1057 3640 aut
1086 3573 1206 3642 locum

325 3713 406 3758 eum
427 3685 613 3755 accusandi
638 3683 909 3780 incessendique
931 3684 1209 3759 vel·lacessendi

323 3802 544 3885 invenirent3
572 3827 662 3895 quos
686 3827 809 3874 omnes
832 3829 913 3874 cum
932 3803 981 3874 ita
1003 3803 1208 3891 dimisisset,

324 3938 368 3996 ut‘
384 3911 642 3992 'moderatiores
673 3918 905 4006 mirarentur,
932 3920 1010 4018 ipse
1031 3920 1210 4019 benignis·
