2474 4568
261 270 307 339 16
579 258 812 290 ““““““

114 406 229 474 cssu'f
256 427 400 489 adiicitur
432 428 516 490 dixit
540 427 748 509 parobolam,
782 431 902 511 eoquod
935 444 1011 494 esset
1036 402 1138 515 prope

134 529 207 586 ⁰³4¹·
255 540 446 616 Jerusalem:
473 557 504 608 et
525 547 600 628 quio
617 549 847 623 existimarent,
874 549 958 628 quod
977 549 1138 629 confestim

95 644 238 706 m
254 678 379 737 regnum
404 660 464 724 Dei
486 657 746 738 manifestaretur.
797 652 871 724 Jam
900 651 1062 727 Christus
1085 657 1138 727 ina

255 787 454 864 terrogatus
478 765 701 840 aPharisaeis
725 765 785 858 o):
813 775 944 862 erando
966 785 1054 844 venit
1073 801 1138 859 reg·

184 950 190 958 .
252 915 327 957 num
353 895 441 957 Dei?
479 894 669 976 Respondens
696 898 761 971 eis,
799 897 907 959 dixit:
953 878 1020 959 Nori
1050 902 1139 962 uenit

251 1032 376 1089 regnum
390 1013 448 1074 Dei
466 1030 535 1075 cum
551 1011 780 1074 observatione:
808 1031 903 1095 neque
921 1016 1041 1077 dicens.-
1062 1016 1139 1078 Ecce

252 1128 321 1206 hic,
349 1141 407 1192 out
428 1147 492 1193 ecce
514 1129 598 1204 illic,
624 1119 755 1191 sedicet
772 1140 914 1215 regnat
939 1119 1056 1195 sedem
1076 1142 1139 1196 aut

253 1237 380 1311 folium
405 1239 506 1309 suum
532 1236 652 1334 posuit
679 1236 852 1337 Messias:
882 1247 957 1310 Ecce
977 1252 1056 1311 enim
1076 1269 1140 1326 reg·

252 1381 327 1425 num
354 1330 413 1424 Dei
439 1367 526 1424 intra
549 1378 607 1425 vos
633 1376 685 1425 est
765 1352 816 1426 At
853 1358 921 1427 tale
958 1363 1138 1450 regnum,
1176 1402 1179 1430 1

253 1471 320 1544 etsi
351 1470 487 1568 semper
519 1476 601 1543 cum
634 1469 780 1543 Christo
813 1492 930 1544 essent
955 1472 1138 1568 apostoli,

253 1591 409 1662 necdum
460 1584 741 1684 concipiebant,
793 1587 1137 1685 percipiebantque:

252 1704 396 1803 iamque
415 1706 590 1803 putabant
612 1705 712 1800 quod
734 1704 917 1778 confestim
941 1707 1139 1778 manifesta·

252 1840 351 1896 retur
377 1804 526 1920 regnum
554 1820 650 1908 Dei,
679 1820 892 1907 theomesis,
921 1823 966 1894 de
988 1849 1060 1919 qua
1083 1823 1139 1895 Ju:

254 1941 323 2012 daei
348 1941 600 2037 gloriabantur.
664 1936 836 2034 Apostoli
861 1963 948 2011 vero
976 1959 1063 2035 post
1088 1966 1138 2012 re·

253 2056 538 2143 surrectionem,
585 2055 669 2128 dum
708 2055 776 2126 iam
817 2081 1024 2128 ascensurus
1065 2075 1138 2130 erat

213 2269 215 2273 Ι
254 2175 419 2247 Christus
452 2175 487 2245 iu
520 2177 646 2246 coelum
680 2186 817 2263 occipere
841 2178 902 2258 fist
935 2199 1060 2258 regnunt
1075 2255 1078 2262 Ι
1092 2171 1139 2245 ad

252 2292 436 2365 dexteram
460 2292 533 2363 Dei
558 2289 705 2375 sedens,
742 2289 858 2361 adhuc
886 2315 967 2360 eum
990 2289 1152 2366 interr0·.

251 2429 365 2506 gant:
416 2421 496 2481 Num
524 2422 557 2479 in
589 2430 722 2498 tempore
755 2415 813 2478 doc
843 2418 986 2478 restitues
1012 2434 1139 2494 regnum

253 2537 354 2601 Israel
373 2523 441 2616 ω.)

105 2720 123 2763 ⁰
328 2760 403 2833 Jum
437 2784 456 2831 a
490 2755 659 2844 Christo,
702 2776 737 2831 et
763 2781 851 2830 mox
880 2755 925 2829 ab
960 2755 1138 2854 apostolis

85 2866 89 2871 ’
188 2934 191 2938 -
251 2877 507 2978 predicabatur
533 2886 733 2960 Evangelium
754 2887 838 2961 regni
851 2928 861 2960 ,
888 2874 949 2946 sed
968 2894 1047 2946 toto
1069 2899 1136 2946 coe·

182 3006 186 3019 “
250 3000 290 3070 10
315 2997 492 3069 diversum
517 2994 562 3064 ab
587 3019 652 3070 eo,
679 2993 779 3089 quod
802 2992 1059 3087 exspectabant
1079 2991 1137 3065 Ju-

244 3113 335 3186 daei-
356 3135 534 3186 terrenum
566 3138 635 3182 cum
664 3120 878 3181 obseruatione
909 3121 989 3181 cum
1016 3111 1137 3205 'splen-

250 3233 341 3304 dore
371 3230 556 3301 mundano
585 3245 621 3300 et
654 3225 839 3323 potentia,
876 3223 1136 3321 dominatuque

208 3440 211 3445 Α
250 3348 497 3434 οῐδίε,,ουίιιε
521 3344 735 3416 domitorem
760 3368 800 3414 ac
823 3339 1009 3415 dominum
1031 3343 1136 3415 Mes·

243 3467 336 3540 siam
361 3464 425 3537 fibi
446 3460 643 3557 fingebant,
696 3467 800 3552 Neque
819 3470 942 3531 dicent:
970 3469 1131 3547 Recessit,
1153 3498 1170 3531 ο

249 3606 310 3656 out
334 3611 399 3655 ecce
424 3590 506 3665 illic,
532 3580 568 3649 in
595 3579 679 3650 sede
705 3574 848 3662 David,
875 3595 998 3649 monte
1025 3575 1132 3663 Sion3

249 3701 312 3789 sed
330 3726 395 3797 per
416 3719 530 3770 totum
549 3695 724 3768 mundum
743 3694 963 3766 diffundetur
976 3718 1134 3791 regnum
1175 3706 1177 3710 '

192 3834 207 3922 ξ
251 3817 386 3891 Christi
423 3815 460 3886 in
499 3812 625 3902 terris,
668 3813 841 3907 Ecclesia.
863 3811 1037 3885 catholica
1068 3831 1133 3909 per
1171 3828 1174 3833 ·

243 4002 246 4027 ;
279 3962 312 4037 a)
330 3966 394 4024 use.
416 3962 518 4042 uun.
539 3978 587 4019 20.
671 3957 702 4033 s)
723 3961 784 4023 nes.
802 3960 829 4017 1.
849 3964 875 4017 ι.
950 4041 955 4051 1
