2474 4568
419 283 652 349 ἕ
901 318 974 391 aas

97 449 145 523 de
157 441 351 521 tribuiuda
365 468 405 516 ac
417 442 780 542 regiastirpeDavid3
799 471 977 547 quemque
1006 442 1125 508 (itm

95 590 189 653 vos,
217 561 398 657 adigentes
422 560 598 650 Pilatum,
624 581 665 636 ut
690 590 771 638 eum
796 568 978 664 crucifige·
1002 566 1131 632 GLXIH·

95 677 388 770 set,·nominatis
411 676 528 751 Jesum
551 679 799 770 Nazarenum,
826 701 866 756 ut
885 684 975 759 salso
1001 680 1145 750 Ἣ

71 778 249 900 ’ρυιαῑὶε,
279 795 317 867 in
347 821 502 867 errorem
533 795 637 869 etiam
670 796 818 872 inducto
845 802 977 876 eodem

94 917 239 1002 Pilato,
278 931 319 986 ut
348 912 539 985 scriberet:
576 912 687 989 basus
724 915 977 992 Nizaaaaaa

77 1028 190 1109 'REX
217 1031 469 1116 Junttotuntt,
495 1056 572 1102 non
597 1031 634 1102 in
661 1057 739 1123 eo„
758 1034 860 1128 quod
884 1034 979 1131 segis

96 1150 239 1226 titulum
275 1148 401 1232 daret,
434 1147 496 1218 sed
527 1149 627 1242 quod
658 1174 778 1245 regem
811 1150 978 1227 scriberet

96 1268 325 1352 Judaeorum,
351 1262 412 1360 qui
438 1259 541 1348 brevi
566 1265 676 1338 iatum
701 1264 848 1340 subituri
875 1285 978 1344 erant

98 1384 147 1460 sis
166 1408 232 1482 per
248 1380 439 1460 Danielem
455 1381 666 1476 prophetam
683 1382 979 1480 praenuntiatum,

97 1491 335 1598 repudiandi,
360 1516 495 1570 utnon
515 1519 632 1582 essent
649 1481 800 1597 amplius
820 1500 892 1574 Dei
912 1527 978 1599 po-

97 1621 233 1718 pulus,
268 1612 459 1688 excidendi
489 1614 609 1688 occiso
636 1615 809 1700 Christos
848 1626 892 1689 Et
916 1646 978 1692 noa

96 1749 157 1811 etit
182 1745 249 1807 tias
265 1741 423 1823 populus,
456 1744 511 1823 qai
539 1760 608 1805 eum
636 1747 803 1820 negaturus
828 1754 885 1808 est.
935 1744 985 1808 ts·

97 1860 284 1941 civitatem,
310 1870 342 1921 et
345 1856 566 1938 sanctuarium
582 1859 744 1940 dissipabit
756 1861 893 1943 papulus
910 1879 981 1925 cum

98 1981 175 2044 duce
198 1987 331 2040 venturo
342 2006 355 2050 ,-
382 1985 413 2035 et
433 1971 507 2049 fiais
531 1975 595 2034 cias
618 1978 783 2050 vastitas,·
810 1988 841 2039 et
854 1988 931 2058 post
941 1975 982 2054 fi-

96 2115 167 2161 nem
191 2093 261 2157 betti·
279 2087 406 2170 statuta
429 2089 580 2152 desolatio
603 2075 668 2169 a).
720 2079 862 2156 Horum
887 2083 984 2179 igna-

97 2229 179 2277 rus=
204 2198 339 2296 scripsit
382 2196 540 2270 Pilatus:
583 2196 693 2271 iasas
732 2197 982 2292 Nizaaattus

97 2322 196 2396 Rax
219 2317 471 2400 JUDAEORUM3
500 2340 566 2387 nec
589 2314 824 2390 reminiscitur
847 2317 985 2408 modo,

100 2437 221 2512 iesum
252 2433 317 2506 fibi
345 2449 582 2505 contestatum
611 2432 742 2521 fuisse,
773 2460 810 2506 se
838 2432 985 2530 quidem
1021 2444 1025 2452 '

100 2578 224 2651 regem
245 2576 342 2639 esse,
368 2549 430 2625 sed
455 2572 604 2644 regnum
623 2549 723 2620 suum
745 2575 819 2621 non
841 2575 918 2624 esse
939 2552 988 2626 de

100 2673 174 2745 hoc
199 2668 361 2754 mundo,
387 2665 458 2738 hoc
477 2686 531 2738 est
549 2685 726 2738 terrenum
742 2699 751 2752 ;
778 2670 882 2763 quale
900 2688 988 2742 tunc

102 2805 179 2862 erat
213 2785 422 2859 Romanum
463 2803 626 2879 quartum
661 2782 749 2857 illud
786 2784 823 2856 in
858 2786 986 2861 somno

102 2899 480 2980 Nabuchodonosoris
503 2899 723 2994 designatum
747 2922 852 2998 atque
874 2902 987 2976 aDa.

103 3023 198 3095 niele
225 3018 402 3116 propheta
427 3017 639 3113 explicatum
664 3043 744 3089 cum
768 3019 989 3115 reliquorum

106 3139 212 3234 etiasn
245 3160 436 3231 regnorum
466 3136 527 3206 seu
556 3133 818 3230 praecipuarum
847 3160 988 3208 monas·
1025 3210 1032 3225 ,

104 3254 267 3330 chiarum
289 3250 453 3323 interitu:
481 3259 518 3321 In
538 3260 642 3336 disbus
655 3270 761 3323 autem
778 3276 937 3333 regnorum
953 3261 998 3337 it,

106 3383 208 3448 lotam
215 3378 387 3460 suscitabit
403 3375 486 3441 Deus
505 3377 735 3455 salingam,
760 3377 845 3459 quod
858 3379 892 3440 in
908 3390 990 3443 aeter·
1013 3385 1015 3389 '
1039 3410 1042 3416 ·
1102 3445 1105 3448 ,

107 3516 183 3569 aum
204 3514 266 3559 non
284 3495 508 3577 dissipabitur,
534 3507 565 3558 et
582 3497 712 3572 ‘regnum
736 3499 801 3559 cias
820 3496 913 3558 alteri
929 3515 989 3578 pa·

102 3615 183 3701 pala
212 3631 272 3676 noa
299 3612 440 3674 tractetur
451 3642 465 3686 5
495 3615 677 3676 comminuat
705 3623 833 3690 autem,
865 3624 897 3675 et
923 3631 992 3676 aaa«

109 3742 211 3798 sumet
237 3731 383 3822 universa
407 3744 499 3804 regna
523 3727 607 3804 baec‚·
646 3739 678 3791 st
702 3729 803 3808 ipsam
831 3724 931 3803 stabit
961 3731 995 3794 in

110 3864 264 3916 aternum.
315 3845 482 3909 Secundum
502 3845 586 3927 quad
602 3844 735 3922 vidisti,
762 3845 896 3925 quotide
912 3858 996 3911 matt·
1035 3919 1039 3925 -

149 3984 180 4060 s)
195 3987 266 4049 Dan.
285 3982 342 4042 IX.
362 3986 404 4040 26.
