2474 4568
379 288 615 341 ιω
688 251 705 290 ¹

864 334 935 409 379

56 458 146 540 vere
176 460 222 534 ad
252 455 539 532 'misericordiam'
588 460 641 534 ‘ld
671 459 770 556 quod
800 484 934 565 quanto
954 461 1080 556 'cirne

58 577 386 674 magis'exspectati
404 575 590 663 debuerat,
614 575 757 652 Christo
776 577 812 650 in
831 582 935 653 cruce
950 580 1100 643 CLXXHi·

53 694 365 791 rad-speetaculum
392 693 555 791 exposito
583 692 620 767 iu
645 698 747 782 a'e're,
775 713 794 768 a
817 700 934 792 planta
959 678 1119 762 vaſs-⁶*

21 872 24 886 ,
56 808 164 909 ,ρεάὶε
182 831 298 907 usque
315 811 360 883 ad
376 809 542 894 verticem
561 808 702 898 saucio,
728 799 942 884 uulneribus·

60 929 226 1001 confecto
252 945 356 1023 atque
384 924 582 1021 exsanguij
626 926 841 1024 Si'unquam
871 929 935 1001 hu·

59 1067 203 1120 manum
235 1062 355 1140 pectus
385 1042 487 1118 etiam
516 1041 740 1116 durissimum
768 1043 812 1116 ad
839 1059 934 1115 cotn-

59 1159 319 1234 miserationem
343 1158 515 1246 flectitur,
541 1159 577 1231 id
600 1180 693 1234 certe
718 1187 798 1256 erga
820 1147 932 1232 horni-

60 1304 123 1350 nes
146 1297 305 1349 extremo
328 1273 502 1373 supplicio
528 1273 733 1348 afficiendos
756 1278 815 1348 fit:
838 1277 933 1373 ipsa·

59 1419 131 1490 que
155 1413 277 1465 natura
303 1391 452 1464 humana
471 1391 716 1488 perhorrescit
741 1393 785 1465 ad
816 1418 932 1490 aspec-

59 1529 132 1582 tum
163 1498 333 1583 saevorum
366 1507 580 1581 cruciatuum
611 1507 647 1579 in
680 1509 795 1582 alieno
827 1510 930 1582 etiam

59 1650 221 1722 corpore.
278 1623 455 1698 Praevenit
476 1624 635 1713 Christus
657 1624 799 1721 quidem
825 1625 933 1698 cruria

57 1742 205 1838 fragium
231 1740 505 1813 crudelissimum
534 1760 747 1816 tormentum
774 1745 871 1814 clava
895 1768 932 1814 o·
1014 1754 1016 1757 ’

57 1859 139 1944 lim,
168 1875 227 1929 aut
250 1856 399 1932 fustibus
424 1857 669 1955 grandioribus
695 1859 843 1944 factum3
869 1858 931 1932 sed
960 1870 966 1881 “

60 1972 223 2046 Christus
257 1992 471 2071 „praevento
504 1971 675 2043 carnificis
706 1972 851 2059 officio,
891 1988 936 2047 ut'

58 2090 215 2187 loquitur
241 2089 273 2161 S.
303 2090 502 2187 Cyprianus
529 2085 591 2178 a),
618 2087 777 2184 spiritum
803 2076 933 2188 {ponte

59 2205 201 2278 dimisit.
215 2209 237 2245 ‘⁶
291 2206 391 2281 {Cum
418 2200 665 2302 'nempeesset
691 2204 930 2299 crurifragium

58 2323 103 2395 ad
130 2323 389 2396 accelerandam
410 2344 576 2411 mortem,
605 2321 766 2408 Christo,
795 2323 853 2420 qui
871 2315 939 2394 fua'

58 2440 205 2536 sponte,
230 2438 311 2535 quia
335 2440 409 2535 ipse
430 2439 544 2511 voluit
553 2426 579 2526 ,⁶
590 2439 738 2511 animam
758 2439 852 2513 suam
870 2464 932 2534 po·

57 2556 148 2642 suit,
172 2555 399 2653 spiritumque
424 2556 553 2642 emisit,
581 2573 653 2627 non
677 2554 943 2627 conveniebatt·

57 2672 257 2768 eratque'in
277 2673 346 2743 hoc
365 2671 465 2746 etiam
486 2673 789 2745 obsecundaturus
805 2675 933 2744 volun·
966 2714 970 2738 ‚

56 2788 119 2862 tati
157 2786 304 2860 coelestis
343 2786 454 2860 Patris
497 2790 724 2886 praefiguratae
761 2789 797 2860 in
835 2788 945 2884 agno·

54 2905 230 3007 paschal-i,
257 2904 294 2976 in
321 2930 395 3000 quo
418 2907 603 3000 mactando
627 2906 832 3004 hocipsum
856 2930 929 2993 nom
1012 2953 1016 2969 ,

54 3021 163 3093 semel
187 3003 304 3094 Exod.
328 3021 413 3096 XII.
433 3025 493 3109 46.
518 3021 626 3094 Num.
650 3019 715 3097 IX.
743 3047 796 3095 12.
819 3022 932 3095 fuerat
1014 3079 1017 3087 .

59 3157 223 3223 cautum,
250 3157 290 3209 ut
314 3137 417 3209 nobis
444 3140 655 3232 evangelista
681 3139 850 3236 fignificat
873 3132 929 3224 b):
957 3201 959 3206 s
1018 3189 1020 3192 Α

57 3263 159 3325 Facto
175 3253 253 3342 sunt
277 3265 354 3323 cuim
381 3263 460 3340 Irae,
489 3277 524 3324 ut
544 3263 705 3346 scripturo
734 3261 932 3344 impleretur:

58 3369 115 3440 Os
139 3395 210 3441 non
234 3363 477 3442 comminuetis
500 3397 544 3443 ex
567 3397 621 3444 eo.
674 3380 715 3443 Et
736 3383 846 3442 iterum
867 3380 933 3441 olio
1022 3417 1024 3420 >

45 3493 209 3576 scripturo
234 3477 331 3558 dicit]-
368 3470 578 3573 Videbunt,
602 3470 642 3559 iri
667 3494 771 3584 quem
800 3485 932 3558 transfi·
987 3532 989 3536 .

58 3624 199 3674 xerunt.
242 3602 352 3694 Quod
372 3622 589 3699 postremum
615 3607 708 3699 apud
727 3601 931 3677 Zachariam

58 3719 270 3814 prophetam
293 3719 376 3788 XII.
399 3743 452 3789 ro.
471 3719 618 3811 habetur
637 3719 672 3788 in
691 3719 786 3815 spem
808 3719 933 3791 futurae

56 3835 248 3929 aliquando
269 3824 509 3906 conversionis
527 3835 746 3919 Judaeorum‚
767 3833 932 3937 quiuihii

88 3977 123 4052 a)
140 3982 181 4038 De
197 3971 315 4037 uanitate
331 3981 466 4037 idolorum.
536 3976 567 4057 t)
583 3980 629 4047 Jo.
650 3979 736 4043 XIX.
748 3983 798 4058 36.
