2474 4568
310 291 357 373 58
632 271 864 308 ''¹¹¹¹''

162 420 285 496 'earm
384 427 564 504 Sententia
592 428 666 498 hac
697 425 1117 500 terribilis-salutarium
1147 425 1189 500 ti·

187 549 272 608 CXX
309 574 408 621 more
436 564 626 620 concutere
654 543 783 630 debet,
812 564 903 638 quos
927 545 1081 620 secunda
1104 570 1188 642 pars

152 663 485 762 vaarabolae
521 661 672 747 attinet,
710 659 905 733 Ecclesiam
939 660 1104 761 nimirum
1142 687 1188 734 ex

247 780 251 785 ’
309 779 514 854 Gentilibus
545 796 818 872 congregatam,
855 779 900 850 ad
931 778 1071 874 nuptias
1105 777 1190 873 agni

308 916 470 974 vocatos.
525 895 619 967 Cum
641 894 732 965 enim
756 894 889 990 nuptiis
914 895 952 966 in
974 893 1107 966 Christi
1131 894 1189 966 ad·

308 1035 420 1089 ventu
442 1013 510 1084 iam
529 1011 679 1108 paratis,
707 1011 768 1107 qui
788 1009 924 1085 invitati
942 1031 1041 1084 erant
1058 1010 1188 1097 ludaei,

309 1157 385 1203 non
412 1149 529 1201 essent
550 1126 670 1224 digni,
695 1128 786 1202 servi
810 1129 901 1224 regis
926 1127 1079 1224 apostoli
1105 1126 1189 1200 iussi

308 1248 412 1332 sunt,
448 1246 497 1316 ire
529 1245 566 1316 in
599 1244 814 1324 universum,
833 1245 1005 1317 mundum
1038 1243 1188 1316 invitare

310 1363 356 1436 ad
380 1361 520 1457 nuptias
546 1357 603 1450 a):
633 1372 680 1434 lte
704 1372 843 1448 ergani
861 1345 963 1433 eicitur
987 1375 1144 1455 uiarum,
1160 1380 1190 1434 et

309 1507 513 1570 quoscumque
539 1490 740 1565 inueneritis,
762 1501 874 1600 uocpte
895 1488 938 1549 ael
960 1491 1098 1568 nuptias.
1149 1487 1190 1589 ξε

307 1607 415 1681 egressi
423 1603 514 1682 servi
534 1607 651 1689 eiusxin
672 1608 763 1682 uias,
791 1618 1050 1683 congregaverunt
1071 1624 1189 1682 omnes,

309 1741 385 1803 quos
402 1725 601 1800 inuenerunt,
623 1723 721 1784 malos
741 1733 772 1784 et
791 1725 902 1786 bonos:
927 1733 958 1783 et
975 1722 1102 1803 impleta
1112 1720 1193 1800 sitne

307 1840 420 1920 nuptie
444 1838 704 1900 discumbentium.
757 1840 896 1900 Intravit
921 1851 1026 1900 autem
1051 1856 1128 1916 rex,
1156 1849 1191 1900 ut

308 1954 429 2015 uideret
453 1954 693 2032 discumbentes,
727 1967 758 2017 et
780 1956 864 2016 vidit
889 1955 932 2016 ibi
955 1951 1108 2016 bominem
1133 1973 1191 2016 non

308 2074 457 2132 uestitum
473 2084 559 2132 verte
578 2073 723 2152 nuptiali.
762 2071 804 2132 Et
821 2075 870 2133 ait
885 2071 950 2132 illi:
971 2072 1096 2148 Amice,
1118 2089 1191 2152 quo·

308 2190 398 2248 modo
420 2189 479 2250 buc
501 2191 628 2251 intrasti
647 2209 706 2252 non
723 2189 834 2253 liabens
855 2199 969 2251 vestem
990 2187 1189 2269 nuptialem?

307 2308 352 2367 Ar
375 2304 425 2367 ilie
446 2305 610 2367 obmutuit.
666 2295 732 2369 Est
756 2296 851 2382 hoc,
878 2294 978 2390 quod
1004 2297 1189 2390 apostolus

310 2411 451 2483 Coloss.
475 2411 589 2505 111,9.
610 2429 676 2488 etc.
694 2437 760 2484 nos
781 2431 923 2498 monet,
947 2437 1078 2486 exuere
1096 2431 1191 2484 vete·

306 2555 382 2600 rem
410 2528 592 2603 homiuem
625 2548 659 2600 et
686 2528 834 2603 induere
862 2557 995 2615 novum,
1023 2541 1079 2621 qui
1106 2557 1189 2601 rena·

305 2668 404 2728 natur
428 2657 462 2714 in
487 2657 697 2730 agnitionem,
714 2653 885 2732 secundum
912 2657 1076 2730 imaginem
1104 2658 1189 2732 eius,

209 2837 212 2843 ⁸
306 2775 361 2852 qui
382 2772 501 2834 creauit
526 2770 630 2844 iterim„
681 2769 738 2841 Ubi
757 2789 816 2831 non
839 2782 884 2832 est
908 2771 1055 2848 Gentilis,
1083 2783 1115 2833 et
1132 2772 1189 2843 Ju-

305 2891 406 2963 daeur,
434 2888 621 2959 circumcisio
628 2896 710 2962 ,et
722 2891 924 2968 preputium,
953 2888 1130 2965 Barbarus,
1158 2899 1189 2950 et

304 3003 438 3083 Seuthes,
452 3000 568 3084 straus
587 3014 618 3078 et
632 3003 731 3078 iiber:
747 3003 810 3086 sed
824 3008 927 3066 omnia
948 3016 979 3066 et
998 3007 1032 3065 in
1051 3006 1189 3077 omnibus

307 3121 454 3197 cbristus,
507 3109 627 3214 Quam
650 3109 787 3206 optime
805 3112 882 3187 haec
900 3111 949 3183 D.
971 3111 1186 3201 Paulinum

302 3245 507 3321 congruunt
534 3252 615 3300 cum
641 3228 748 3316 illis—,-
767 3254 846 3324 quae
874 3229 960 3302 Luc.
990 3228 1096 3302 XIV.
1126 3254 1182 3318 21.

300 3344 337 3416 in
364 3344 536 3419 consimili
558 3365 618 3419 aut
638 3345 766 3433 eadem
794 3344 1185 3446 parabola'deinvitaf

302 3461 361 3549 tis,
380 3461 425 3545 ad
439 3532 448 3549 ,
462 3450 625 3557 nuptias,
640 3526 646 3539 ,
661 3461 904 3535 recusantibus
937 3461 1066 3551 ludaeis
1081 3516 1109 3551 ,,
1127 3464 1184 3553 ha·

299 3580 452 3681 bantur:
488 3603 668 3683 reuersum
702 3601 831 3676 nempe
858 3581 995 3652 servum
1021 3579 1180 3667 iussum,

293 3725 447 3788 pauperes
473 3723 510 3768 ac
533 3689 667 3781 debiles,
702 3715 733 3767 'et
758 3715 846 3768 meos
874 3719 907 3768 et
936 3707 1061 3769 claudos
1088 3709 1182 3799 intray

299 3826 428 3897 ducere,-
461 3799 549 3885 'dum
590 3811 770 3895 neminem
804 3811 953 3888 omniuo
987 3840 1018 3887 a.
1048 3804 1178 3913 nuptiis

338 3957 369 4028 n)
387 3960 490 4016 Matilo.
512 3958 614 4016 XXII.
635 3975 660 4027 9.
681 3970 728 4014 att.
776 3998 778 4002 »
829 4020 831 4024 ³
