2474 4568
93 445 203 518 simus
228 443 328 516 Jesus
353 452 538 540 postremo
556 445 624 517 illis
646 444 877 543 quaestione'm
901 471 981 541 pro·
1008 441 1124 547 cunr

96 563 225 660 ponit,
254 588 300 633 ex
323 587 394 656 qua
418 561 618 658 potuissent
646 564 692 634 ad
717 561 873 634 veritatis
897 587 980 655 cog·
1006 561 1131 620 CXXW·

95 678 272 753 nitionem
303 679 513 778 perveniret:
553 680 600 749 ad
628 706 734 775 quam
763 705 844 752 cum
872 680 1136 750 nemoVW.

94 816 220 894 posset
240 795 273 866 ei
293 797 513 892 respondere
532 797 705 884 verbum,
725 796 843 893 potius
863 815 979 885 tamen
1031 815 1032 818 ’

94 915 211 985 abeo
236 912 495 1008 interrogando
520 913 711 1000 desistunt,
736 937 840 1007 quam
863 931 904 984 ut
922 911 985 1008 do-

96 1031 177 1103 siles
203 1030 279 1100 sese
301 1029 667 1123 praeberent'veritari.
719 1028 830 1101 Talis·
849 1049 901 1102 est
926 1053 987 1099 au·

96 1165 167 1218 tem
194 1143 334 1216 Christi
360 1146 613 1242 interrogatio,
640 1165 681 1219 ut
706 1145 804 1236 fimul
830 1172 874 1218 ex
899 1144 984 1241 ipsis
1050 1133 1053 1146 ¹

97 1261 240 1347 verbis,
276 1285 356 1357 quae
388 1264 581 1360 proponit,
620 1262 826 1335 debuissent
860 1288 986 1357 agnos-

98 1402 196 1464 cere,
233 1377 314 1471 quis
343 1400 455 1466 esset,
491 1406 597 1475 quern
624 1379 866 1465 offenderent,
903 1405 983 1450 eum

100 1493 368 1590 crucifigendo,
398 1519 432 1568 et
458 1521 535 1591 quae
565 1521 626 1568 eos
657 1478 746 1567 ultio
774 1496 818 1566 de
848 1495 985 1566 offensa

84 1625 269 1684 'maneret
314 1611 442 1684 Psalmi
465 1612 566 1684 CIX.
589 1604 672 1709 ipsis
692 1613 866 1708 proponit
885 1637 985 1684 exor·
1008 1685 1011 1690 ,

100 1727 219 1798 dium:
248 1737 346 1799 Dixit
364 1738 514 1802 Dominus
533 1738 663 1800 Domino
684 1759 768 1817 meo,
785 1739 861 1817 sede
878 1757 899 1798 a
912 1733 983 1807 dex·

99 1857 153 1916 rtis
166 1826 264 1931 meis,
286 1855 377 1916 donec
386 1874 502 1935 ponam
520 1857 659 1952 inimicos
676 1868 746 1918 ttror
752 1855 920 1936 scabellum
932 1873 987 1935 pe·

99 1971 330 2034 dumetorum·
363 1961 424 2033 De
443 1963 582 2034 Messia
605 1963 870 2036 veteres-Judaei
890 1958 987 2033 huno

98 2076 274 2174 psalmum
294 2078 554 2172 intelligebant,
578 2079 761 2173 quidquid¹
777 2078 988 2149 odio'Chri-

100 2194 298 2267 stianorum
319 2215 462 2286 teneant
478 2194 638 2266 Rabbini
657 2193 881 2289 posteriores.
905 2192 987 2264 Nisi

100 2311 143 2382 de
163 2311 312 2382 Mersit
334 2311 589 2410 intellexissent
613 2311 683 2398 illi,
709 2335 800 2406 quos
827 2309 989 2402 Christus

99 2425 357 2521 interrogavit,
393 2427 500 2499 facilis
528 2429 654 2501 fuis‘set
678 2428 888 2524 responsio,
923 2451 990 2496 nec

99 2543 322 2630 dicerentur,
346 2570 420 2616 non
442 2544 601 2640 potuisse
623 2544 654 2616 ei
674 2545 892 2640 respondere
913 2569 988 2614 ver-

101 2659 201 2739 bum.
274 2659 389 2733 Certe,
420 2687 481 2733 eos
517 2648 649 2751 invicte
685 2662 849 2758 stringit,
888 2660 990 2757 quod

96 2775 259 2850 Davidis
287 2775 469 2850 Dominus
497 2777 634 2851 dicatur
665 2779 848 2864 Messias,
888 2777 989 2874 quod
1059 2778 1061 2783 ⁴

102 2893 173 2966 dici
199 2919 274 2966 non
300 2914 440 2988 posset,
468 2893 495 2966 si
518 2896 611 2968 filius
636 2915 771 2968 tanturn
794 2896 886 2967 iltius
910 2895 992 2966 fuis,

100 3031 159 3082 set
192 3010 387 3083 secundum
423 3036 588 3098 carnem,
626 3013 725 3107 quod
762 3011 799 3082 in
835 3013 991 3084 hnmana

99 3125 249 3222 quidem
272 3136 395 3199 natura
414 3127 479 3199 fuit
501 3129 681 3214 Christus,
707 3148 811 3222 atque
829 3128 865 3198 in
885 3149 993 3199 trans·

100 3245 247 3314 versum
271 3243 342 3339 egit
363 3244 524 3331 tunsos,
552 3271 631 3315 cum
660 3270 739 3315 eum
764 3243 887 3314 humili
908 3248 990 3316 loeo

96 3360 267 3455 [statuque
291 3381 410 3432 natum
434 3366 473 3434 ac
497 3368 690 3458 propere-nr
716 3385 836 3434 coram
857 3387 895 3432 se
918 3388 991 3433 cer·

103 3497 248 3562 nerent,
276 3504 382 3573 quem
403 3479 474 3574 ,ipsi
501 3480 673 3551 voiebnnt
697 3479 735 3550 in
759 3478 841 3572 sede
857 3477 993 3548 -David

104 3594 214 3688 patris
235 3596 285 3666 sui
306 3599 519 3672 collocatum
541 3595 799 3667 dominatorem
820 3595 991 3687 gentium,

107 3713 236 3784 ethos
268 3709 431 3783 inimicos
464 3714 546 3784 suos
578 3732 771 3808 ponentem
798 3709 990 3808 scabellum

107 3829 239 3923 pedum
265 3827 307 3898 in‘
322 3829 486 3923 praesenti
512 3815 603 3914 ¹vita,
631 3853 744 3923 regno
767 3847 908 3898 terreno
931 3853 991 3896 au-

102 3959 174 4024 ‘tem
199 3944 334 4041 potitos
359 3946 433 4018 sese
459 3971 539 4018 cum
565 3947 648 4032 irto;
675 3971 756 4018 cum
776 3944 840 4051 ipsi
866 3942 991 4037 potius
