2474 4568
908 353 909 358 ¹
958 327 985 397 7

51 534 56 540 ,
96 456 174 531 alio
193 444 350 531 divertite
372 439 592 554 Exemplum
614 452 794 554 discipulis
814 455 882 532 luis
900 454 984 530 dare
1012 448 1128 512 ΟΜ*
1223 553 1225 557 λ

53 585 57 629 Γ
98 573 220 649 voluit
252 573 370 649 multis
405 575 618 670 argumentis
651 601 717 672 per
741 575 859 648 'vitam
889 558 986 648 suam
1025 569 1107 627 ·⁰¹X·

99 691 334 788 simplicitatis
351 692 564 764 columbinae
583 712 619 765 et
635 693 833 790 prudentiae
850 694 989 789 serpen·
1001 685 1142 748 Ψ

100 809 208 896 tinae,
233 809 407 904 quamdiu
426 809 661 906 Evangelium
684 809 889 907 praedicavit
902 824 1011 907 'per-¹

101 911 349 999 secutionibus
379 908 418 1005 et
451 927 615 1022 periculis
656 927 863 1025 expositus:
910 950 988 1023 quae
1028 930 1031 937 '

101 1044 246 1132 studio,
275 1063 314 1145 ut
332 1044 444 1144 modo
462 1043 633 1131 vidimus,
660 1045 866 1132 declinavit,
894 1038 990 1118 com·

58 1250 60 1254 Α
100 1180 263 1232 moratus
293 1161 482 1232 maximam
511 1182 646 1258 partem
677 1162 714 1234 in
744 1162 913 1249 Galilaea,
948 1179 989 1234 ut

54 1285 57 1291 '
104 1263 326 1372 praefinitum·
344 1265 603 1376 praestolaretur
625 1299 789 1379 tempus,
817 1305 890 1374 quo
914 1297 988 1351 erat

101 1393 367 1492 Hierosolymis
394 1399 598 1492 expleturus
630 1412 723 1494 opus
755 1394 986 1468 redemtionis

100 1533 244 1584 nostrae.
310 1513 493 1606 Quoiam
522 1513 732 1608 ingruente,
760 1533 799 1586 ut
824 1513 987 1585 ostende·

99 1627 174 1716 ret,
203 1631 330 1725 [ponte
353 1632 412 1701 fua
430 1633 503 1709 sese
527 1631 654 1703 offerre
679 1632 723 1703 ad
745 1653 895 1703 mortem
915 1630 984 1704 vit·

100 1747 244 1834 timam,
271 1747 347 1842 ipse
368 1747 491 1819 faciem
513 1749 608 1819 suam
634 1747 766 1834 firmat,
795 1770 833 1821 ut
858 1749 924 1820 iret
945 1748 983 1820 in

98 1863 306 1936 Jerusalem.
369 1863 485 1936 Dumv
503 1865 739 1938 decumbente
770 1866 904 1939 Lazaro
935 1893 986 1937 ea·

99 2010 189 2068 mus,
217 1981 332 2075 inquit
356 1977 415 2069 a),
442 1980 553 2053 iterum
573 1995 606 2053 in
630 1963 792 2069 Jnnaam',
819 1982 986 2079 discipuli

100 2099 273 2170 cohibere
293 2117 496 2170 conantur:
526 2108 640 2186 Kanai,
669 2099 784 2187 aiunt,
811 2129 888 2171 nunc
909 2118 985 2192 qne·

82 2225 210 2311 ⁸rebant
223 2217 263 2286 'te
281 2225 380 2295 ,Iudai
402 2225 563 2305 lapidare,
580 2239 621 2292 et
642 2228 753 2287 iterttm
774 2227 865 2287 vadis
887 2226 986 2287 illae?

99 2338 270 2420 Respondit
286 2340 394 2412 Jesns:
420 2342 524 2402 Nonne
542 2343 699 2404 duodecim
703 2341 784 2421 sunt
801 2343 879 2402 nore
899 2343 986 2404 diei?

50 2504 54 2509 .
98 2459 127 2519 si
154 2447 223 2539 qais
243 2459 451 2520 ambulaverit
478 2462 511 2520 in
536 2459 602 2534 die,
631 2479 690 2520 non
718 2455 875 2536 offenda,
910 2461 987 2540 qttia
1044 2462 1048 2469 '

98 2575 199 2635 lacem
220 2575 313 2639 lanias
333 2576 438 2636 mnndi
460 2576 572 2638 videt.-
598 2578 625 2638 si
649 2589 753 2638 aretem
779 2576 986 2638 ambulaverit

96 2693 134 2751 in
154 2704 258 2769 not-te,
286 2689 436 2768 offendit,
463 2696 540 2774 qaia
561 2693 617 2753 lux
640 2691 699 2754 non
725 2705 771 2755 ert
790 2695 823 2754 in
845 2713 889 2754 en.
941 2683 985 2757 Se

95 2799 220 2894 ipsum
248 2801 361 2870 lucem
393 2799 517 2871 mundi
548 2799 734 2895 indigitat,
772 2821 985 2896 tempusque

75 2936 340 2990 commoratus
374 2918 425 2989 lui
460 2917 498 2987 in
534 2918 604 2990 hoc
640 2919 800 3004 mundo,
843 2941 880 2990 ut
921 2921 985 2992 lux

97 3032 288 3128 Evangelii
315 3035 565 3106 accenderetur
600 3061 665 3130 per
695 3036 984 3131 praedicationem

99 3176 143 3222 ac
159 3150 327 3223 miracula
344 3155 421 3238 lua,
441 3178 594 3246 quorum
613 3153 985 3227 omniummaximum

95 3268 322 3345 resuscitatio
355 3268 477 3343 Lazari
510 3288 608 3355 erat,
649 3295 722 3364 quo
759 3297 833 3341 non
869 3274 985 3346 solum

95 3389 231 3458 multos
264 3386 404 3458 ludaeos
441 3387 485 3469 ad
518 3378 736 3459 credendum
764 3389 982 3475 adduxerat,

96 3502 351 3577 verumetiam
380 3498 563 3591 effecerat,
592 3523 633 3581 ut
659 3524 754 3576 tanta
781 3505 984 3578 celebritate

97 3621 325 3693 clamantium
355 3620 392 3691 in
423 3621 547 3693 urbem
578 3623 834 3718 suscipeietur,
873 3643 982 3717 'atque
1092 3618 1095 3626 ’

96 3765 163 3835 per
186 3737 322 3833 aliquot
340 3738 456 3840 adhuc
480 3737 608 3809 diesin
632 3743 767 3834 templo
789 3738 979 3827 audiretur,

100 3855 269 3952 quamdiu
297 3881 425 3952 nempe
454 3855 528 3928 dies
553 3875 647 3947 erat,
684 3856 981 3952 donec‘eompre-

134 3999 164 4071 t)
181 4004 261 4069 Jonas.
280 4002 336 4059 XI.
355 4004 397 4070 7.'
