2474 4568
409 271 653 361 ‚a
876 355 879 359 p
903 301 977 373 Μ

55 523 58 528 ι
92 431 132 507 in
161 430 276 504 domo
314 427 449 515 Jacob,
486 449 647 526 terraque
677 431 870 528 promissa:
908 460 975 506 nec
1002 421 1117 486 (Μ’

93 551 252 633 desunt,
291 546 352 642 qui
385 546 509 618 urbem
533 547 816 646 Hierosolymam
844 545 1124 622 reson-CXXVII·

93 666 267 750 randam,
309 682 344 734 et
375 683 510 735 tantum
542 690 616 735 non
645 691 793 760 regnum
823 664 1131 740 millena-“Y''

95 784 188 856 rium
208 781 466 854 instituendum
487 800 571 853 tunc
593 780 629 850 iu
648 782 805 854 Ecclesia
827 809 872 854 ex
894 807 979 878 gen·

96 918 130 976 te
162 897 310 970 Iudaica
339 896 498 969 restituta
529 897 751 984 existiment,
787 900 978 993 sedemque

57 1046 61 1055 ·
97 1014 217 1101 Petri,
254 1012 317 1084 ubi
354 1013 505 1109 primum
540 1014 675 1100 fuerat,
710 1014 978 1112 Hierosolymas

98 1132 230 1204 scilicet
250 1130 543 1216 transferendam,
571 1129 601 1200 si
627 1130 754 1202 Romae
779 1153 839 1204 aut
863 1152 978 1205 tutum

100 1266 159 1319 aut
187 1244 338 1317 omnino
364 1248 483 1336 locum
515 1273 590 1317 non
618 1248 767 1343 amplius
795 1249 977 1336 habuerit,

99 1361 260 1434 ultimata
286 1362 360 1434 eius
385 1361 486 1434 ruina
513 1363 707 1435 secundum
734 1364 979 1463 prophetiam,

99 1502 176 1574 quae
190 1477 253 1549 lib.
274 1478 317 1554 II.
337 1478 435 1551 Dial.
456 1478 487 1561 S.
508 1479 673 1574 Gregorii
695 1507 725 1552 c.
754 1505 810 1569 14.
832 1481 978 1576 legitur,

99 1594 259 1667 Romam
289 1621 310 1666 a
341 1595 505 1691 gentibus
534 1620 608 1667 non
638 1598 715 1668 lore
748 1598 980 1670 exterminan-

59 1698 62 1703 ¹
101 1712 200 1797 dam,
239 1731 280 1783 ut
314 1732 408 1783 certe
438 1711 603 1808 Babylon
629 1714 706 1786 haec
735 1714 981 1812 apocalyptica

99 1827 221 1900 Roma
240 1854 315 1900 non
336 1829 448 1900 solum
475 1854 520 1899 ex
542 1829 640 1901 ruina
664 1831 734 1923 (de
756 1858 826 1928 qua
847 1857 980 1904 memo·

102 1965 174 2017 rata
202 1941 393 2041 prophetia
420 1945 648 2040 intelligenda
672 1944 843 2037 videtur)
871 1974 979 2044 quam

103 2079 262 2159 tempore
296 2060 328 2133 S.
359 2061 524 2158 Gregorii
549 2063 618 2133 iam
645 2090 812 2159 perpessa
843 2063 980 2138 dudum

103 2178 233 2265 Inerat,
266 2178 430 2264 surrexit,
465 2179 525 2250 led
555 2178 659 2249 etiam
680 2180 849 2254 hactenus
876 2180 914 2251 in
938 2172 981 2254 ea

104 2295 212 2368 lixum
247 2295 314 2368 fuit
340 2295 464 2367 solium
494 2294 593 2388 regni
627 2293 759 2368 Christi
790 2297 827 2367 in
857 2296 980 2383 terris,

107 2437 180 2508 quae
209 2432 262 2484 est
286 2409 494 2484 resurrectio
520 2412 633 2508 prima
658 2412 779 2508 Apoc.
805 2413 894 2484 XX.
919 2414 982 2484 do·
1028 2402 1033 2410 ⁸

70 2618 73 2626 .
107 2555 169 2602 nec
198 2528 304 2623 Gog,
331 2528 560 2624 Scytharum,
588 2531 709 2623 quales
735 2530 816 2601 lunt
838 2528 985 2616 Turcae,

106 2644 317 2742 progenies,
344 2644 438 2720 idem
468 2643 567 2740 quod
598 2642 720 2718 Roma
748 2644 910 2741 gentilis,
936 2646 984 2717 f·

106 2779 175 2833 tum
200 2761 320 2835 tulerit
338 2761 469 2836 Ezech.
493 2761 713 2835 XXXVIII.
738 2782 772 2834 et
794 2762 981 2834 XXXIX.

109 2879 305 2974 domusque
328 2877 439 2949 Iacob
465 2877 623 2952 restituta
649 2879 774 2966 fuerit,
801 2899 840 2951 ut
868 2879 984 2952 omnis

109 2993 210 3068 Israel
239 2997 354 3067 salvus
383 2993 505 3082 fieret,
548 2995 675 3067 iterum
704 2995 853 3068 insertus
871 3005 985 3084 serun-

108 3121 176 3182 dum
199 3121 347 3184 naturum
375 3120 565 3200 olivastro,
597 3111 697 3183 iuxta
728 3111 862 3183 Christi
894 3112 982 3186 Luc.

107 3228 210 3304 XXI.
241 3252 300 3316 24.
327 3227 490 3299 effatum:
528 3247 717 3320 utrumque
743 3252 832 3298 vero
862 3229 984 3300 locum

106 3342 193 3425 Ven.
223 3344 322 3417 Beda
351 3346 455 3441 lupra
485 3340 556 3414 iam
587 3341 710 3415 citatus
738 3339 983 3440 coniungens,

108 3461 146 3535 de
174 3465 317 3561 populo
347 3462 496 3533 Iudaico
523 3461 719 3546 sermonem
750 3456 981 3555 prosecutus:

109 3580 239 3676 „Qui,
266 3578 403 3676 inquit,
431 3603 510 3692 cupi
539 3577 714 3674 promissa
742 3578 985 3658 saluteluerit

53 3716 56 3770 ζ
109 3699 256 3792 potitus,
277 3694 428 3793 patrium
447 3719 591 3790 quoque
609 3693 784 3765 rediturus
807 3693 852 3766 ad
870 3695 984 3767 solum

53 3868 61 3878 .
112 3833 140 3886 tt
170 3812 381 3908 metropolis
415 3803 599 3907 quondan'i
633 3810 701 3890 suae
734 3810 983 3905 possessione,

53 3971 59 4011 t
112 3949 207 4026 atque
230 3927 486 4003 inhabitatione
517 3928 701 4026 gavisurus
731 3952 805 3999 esse
837 3925 983 3997 forsitan
