2474 4568
431 237 433 241 ⁴
605 232 860 291 ’-

310 301 396 373 194·
997 386 1003 395 '

127 418 271 517 ,⁶⁰⁰⁷
304 427 578 517 Melchisedech
622 423 846 499 substitutum
895 417 1085 511 Aaronico
1131 423 1179 498 D.

134 536 433 619 CXXXV¹·Paulus
466 547 502 617 in
539 546 690 641 epistola
723 545 768 613 ad
802 541 969 612 Hebiaeos
1004 541 1182 638 explicam

146 657 488 761 “V-”quomodo
517 685 633 734 autem
661 661 737 756 ipse
762 687 781 730 a
806 659 990 744 Domino,
1021 658 1107 731 ficut
1126 685 1186 731 cec-

302 783 367 854 teri
399 781 552 876 apostoli
583 781 620 849 in
653 781 727 850 hnc·
747 802 873 863 coena,
913 775 1114 872 acceperit,
1151 797 1185 851 et

301 899 374 971 aliie
400 899 582 970 tradiderit
605 895 638 967 in
667 895 825 968 Ecclesia
849 895 1006 966 fututum
1024 896 1117 989 iuge
1140 896 1185 966 sa·

306 998 498 1101 ctificium,
537 1014 681 1086 l..C0r.
715 1013 782 1085 XI.
819 1036 876 1099 23.
910 1031 973 1083 etc.
1006 1011 1182 1108 exponit:

302 1144 368 1218 Ego
398 1145 476 1203 enim
511 1145 612 1227 occepi
643 1159 663 1201 α
693 1139 848 1220 Domino,
888 1137 973 1224 quoti
1004 1149 1035 1199 et
1069 1140 1183 1201 traditi

301 1261 411 1335 vobis,
452 1262 597 1341 quonium
627 1257 777 1320 Dominus
800 1260 913 1336 Jesus,
951 1258 984 1320 iu
1011 1275 1076 1338 qua
1103 1268 1184 1319 nocte

302 1376 506 1451 tradebatur,
543 1377 660 1456 occepit
684 1395 819 1455 ponem,
860 1389 890 1438 et
915 1378 1040 1452 gratias
1072 1393 1184 1452 egens,

295 1492 417 1572 Μία
441 1505 472 1554 et
491 1494 594 1554 dixit:
622 1495 759 1572 Accipite
778 1507 809 1554 et
827 1495 1030 1556 manducate.-
1057 1494 1116 1555 ltoc
1143 1501 1198 1554 est:

303 1629 412 1692 corpus
432 1629 550 1687 meum,
578 1610 662 1691 quoti
677 1629 738 1690 pro
759 1610 847 1670 vobis
866 1615 1025 1672 trudetur:
1054 1612 1111 1672 hoc
1130 1610 1186 1689 fc·

302 1732 361 1789 cite
389 1731 421 1788 in
449 1746 547 1788 meum
578 1731 902 1789 commemorationem.
977 1729 1126 1790 Similiter
1156 1738 1200 1794 et.

303 1847 443 1920 culicem,
461 1856 630 1926 postquam
650 1847 783 1905 cenavit
804 1845 923 1905 dicent:
950 1845 1007 1906 Hic
1028 1846 1115 1906 calix
1136 1864 1184 1904 no·

303 1952 379 2022 oum
405 1957 620 2022 testamentum
645 1974 691 2022 est
715 1964 746 2020 in
768 1979 832 2022 meo
847 1960 1011 2040 sanguine.
1058 1961 1185 2040 Hocfo·

303 2084 381 2156 cite,
408 2081 645 2160 quotiescunque
670 2079 799 2154 bibetis,
826 2080 858 2138 in
884 2098 983 2140 meum
1009 2099 1197 2142 commemo.

257 2180 260 2186 ’
302 2199 462 2258 rationem.
517 2195 760 2278 Quotiescunque
785 2199 864 2256 enim
887 2196 1116 2272 manducabitis
1129 2205 1184 2276 po·

301 2334 368 2378 uem
394 2313 495 2388 itum,
530 2325 561 2373 et
587 2313 710 2373 culicem
736 2313 866 2388 bibetis,
905 2326 1032 2373 mortem
1058 2311 1184 2378 Domini

302 2430 542 2504 annuntiabitis,
566 2429 656 2490 donec
677 2434 793 2491 oeniot.
840 2420 939 2512 Quid
963 2420 1089 2491 clarius
1116 2419 1184 2490 dici

300 2539 420 2635 potuit
441 2535 485 2606 ad
509 2536 759 2631 explicandum
785 2538 855 2608 hoc
879 2563 1056 2632 perenne,
1084 2557 1121 2610 et
1138 2538 1184 2608 in·

301 2672 486 2726 cruentum
522 2654 559 2723 in
589 2654 748 2724 Ecclesia
782 2655 987 2725 sacrificium
1018 2653 1055 2724 in
1089 2681 1184 2726 com·

300 2773 594 2841 memorationem
620 2771 755 2840 cruenti
777 2770 867 2841 illins
888 2772 922 2842 in
948 2797 1074 2858 cruce,
1096 2773 1182 2843 dum

283 2887 358 2975 ,hie
389 2886 483 2956 idem
515 2910 645 2981 corpus
676 2912 750 2957 esse
785 2887 935 2974 dicitur,
983 2889 1084 2984 quod
1116 2914 1181 2985 pro

300 3003 404 3073 nobis
437 3003 556 3072 datum
590 3023 664 3088 est,
702 3004 794 3074 idem
824 3005 986 3100 fatigem,
1023 3004 1087 3101 qui
1117 3032 1183 3102 pto

299 3120 405 3193 nobis
434 3121 564 3197 effusus
594 3143 668 3208 est,
705 3148 840 3192 novum
870 3141 1118 3194 testamentum
1144 3125 1183 3193 in

297 3239 431 3311 Chi-isti
458 3239 651 3334 sanguiue,
680 3253 734 3332 qni
747 3266 809 3329 pro
830 3251 935 3310 multis
951 3246 1131 3324 effundetur
1152 3253 1185 3310 in

295 3336 499 3428 remissionem
527 3381 736 3444 peccatorum.
813 3355 895 3426 Hoc
935 3355 972 3425 in
1006 3352 1182 3429 sacrificiis

294 3470 421 3546 vetetis
453 3471 649 3542 testamenti
677 3471 935 3566 praefiguratum
965 3499 1185 3546 commemo·

294 3609 348 3662 rat
375 3590 558 3683 apostolos
586 3587 696 3658 Hebe.
723 3589 789 3682 IX.
818 3617 862 3662 ex
891 3591 1029 3687 Moyse
1057 3593 1193 3664 Exom-

207 3690 209 3694 ⁸
294 3704 439 3779 XXIV.
461 3714 517 3785 84
546 3715 604 3776 Hic
618 3707 751 3794 fatigetis
774 3723 966 3794 testamenti,
995 3720 1081 3800 quod
1097 3737 1186 3779 men·

296 3835 388 3895 davit
414 3831 458 3890 cui
476 3849 532 3890 vos
555 3831 659 3921 Deus,
695 3825 879 3922 subdens2
902 3826 978 3897 'stne
1002 3825 1193 3920 sanguinis.

296 3939 471 4014 effusione
496 3963 571 4008 non
593 3940 668 4010 fieti
691 3942 946 4015 remissionem.
1004 3944 1054 4017 Et
1076 3944 1184 4040 supra
