2474 4568
201 375 206 385 1
328 294 403 365 224
647 264 882 329 ξ

184 415 301 486 0¹³⁹?
324 421 429 498 litatis
455 418 610 497 studium
633 441 841 516 revocaret,
866 433 1066 518 quintorum
1089 435 1211 527 vidqp·

183 541 288 618 W·
325 562 379 614 tur
400 569 463 633 esse¹
483 547 604 628 maior,
641 543 779 613 nullum
809 541 1210 639 autem.s1ngulario.-ab

169 656 540 754 “W-‘evangelista
570 656 609 729 in
639 656 747 732 Petro
776 656 979 731 ambitionis
1013 661 1209 758 vestigium

195 765 197 768 ’
324 794 491 862 notatur,
518 797 584 846 nec
608 772 730 871 prius,
755 771 843 847 ficut
864 773 903 846 in
929 775 1010 849 filiis
1034 777 1207 855 Zebedaei

321 888 459 966 Iacobo
487 909 523 965 et
546 890 707 979 Joanne‚
733 914 825 986 quos
851 889 943 964 inter
968 891 1094 966 Petr'us
1118 896 1206 968 sem·

321 1007 529 1108 perprimo
554 1032 627 1105 prae
653 1006 784 1080 caeteris
810 1007 976 1082 omnibus
1003 1009 1206 1087 habebatur

278 1143 284 1156 '
321 1130 406 1200 loco
425 1149 446 1198 a
466 1123 620 1197 Christo.
670 1122 746 1196 Jam
767 1148 856 1199 vero
876 1124 962 1198 dum
981 1126 1026 1198 ad
1044 1152 1207 1201 momen.

320 1261 397 1315 tum
424 1240 584 1314 omnium
611 1239 805 1314 maximum
827 1261 1062 1340 perventum,
1087 1248 1204 1321 multo

319 1341 462 1456 granius
482 1356 648 1430 omnibus
670 1359 835 1455 lapsurus
850 1357 1070 1457 praedicitur:
1099 1371 1205 1435 Prius·

318 1484 526 1571 quangassus
535 1483 581 1548 bis
594 1501 700 1546 vocem
712 1483 845 1565 dederit,
864 1497 910 1549 ter
922 1503 970 1550 me
981 1501 1013 1548 es
1025 1499 1203 1565 negaturus.

392 1705 480 1780 Erat
500 1703 588 1779 olim
611 1703 729 1780 feralis
754 1705 841 1781 tuba
866 1705 996 1783 alicubi
1020 1706 1201 1808 gentium,

316 1847 441 1924 graecis
469 1807 624 1920 αλέκτωρ
650 1833 775 1912 gallus,
803 1824 921 1915 dicto,
947 1851 1028 1924 quae
1053 1852 1120 1924 per
1149 1825 1202 1899 in·

315 1943 461 2015 tervalla
492 1932 683 2014 insonabat
714 1964 779 2039 per
808 1942 914 2016 urbes
950 1964 986 2018 et
1019 1941 1199 2042 compita,

315 2083 399 2133 cum
419 2057 466 2133 de
491 2056 624 2132 iudicio
645 2057 824 2155 sanguinis
852 2040 1022 2156 agebatur
1044 2061 1093 2134 ad
1118 2086 1200 2160 pro·

314 2175 539 2264 vocandum,
565 2174 592 2248 si
615 2174 702 2272 quid
720 2174 883 2250 incausa
903 2176 954 2249 r'ei
973 2203 995 2251 a
1014 2201 1200 2275 quoquam

313 2292 467 2392 proferri
493 2311 625 2389 possen
686 2288 788 2364 Nihil
812 2292 871 2367 hic
892 2294 1199 2368 accommodatius

313 2437 391 2484 esse
420 2407 539 2508 potuit
568 2406 614 2481 ad
638 2407 779 2482 solitum
810 2409 892 2506 galli
923 2428 1090 2499 cantum,
1128 2435 1198 2485 nee

312 2525 569 2624 ,congruentius
598 2525 671 2600 dici
697 2546 829 2622 queat;
861 2527 922 2600 red
953 2525 1062 2600 Petro
1095 2526 1198 2625 t‘ragi·

311 2669 397 2717 cum
419 2667 492 2716 erat
511 2641 682 2715 horrendi
701 2647 843 2740 lapsus,
870 2642 969 2717 trinae
991 2642 1195 2755 abnegatio·

311 2758 367 2832 nis
385 2759 567 2831 indicium.
617 2757 775 2832 Persistit
794 2759 939 2850 Petrus,
960 2759 1110 2834 nimium
1131 2759 1194 2834 fibi

307 2874 377 2974 ipsi
394 2874 526 2962 fidens,
546 2873 648 2947 etde
670 2899 708 2948 se
721 2886 958 2973 praesumens,
979 2877 1017 2949 in
1034 2877 1192 2952 abnuen-

309 2995 381 3082 do,
409 2991 508 3089 quod
535 2990 698 3066 Christus
723 2991 756 3067 ei
784 3019 859 3088 non
885 2995 991 3067 semel
1017 2992 1192 3069 indicave·
1232 3036 1235 3047 ·

308 3130 364 3185 rat
388 3111 566 3197 futurum,
594 3110 765 3208 quodque
791 3115 900 3209 paulo
932 3129 1017 3208 post
1045 3111 1189 3200 evenit,

265 3256 268 3261 ·
306 3228 346 3301 in
372 3227 518 3301 Christo
546 3227 709 3325 perfricte
734 3254 775 3302 ac
799 3226 944 3326 perfide'
960 3228 1187 3326 abnegando.

175 3358 180 3367 '
305 3356 351 3417 At
379 3355 431 3416 ille
459 3355 591 3434 amplius
618 3354 823 3437 loquebatur:
863 3354 994 3417 Etiamsi
1016 3355 1189 3436 oportuerit

304 3489 354 3535 me
372 3473 451 3532 mon·
478 3481 597 3546 tecum,
624 3488 683 3558 non
704 3482 734 3533 te
757 3471 880 3549 negabo.
934 3461 1026 3536 ,Hoc
1049 3486 1132 3535 cum
1155 3458 1187 3532 S.

305 3568 588 3674 chrysostomus
608 3576 844 3653 observasset..
854 3579 892 3651 in
913 3579 948 3652 h.
966 3581 990 3652 1.
1017 3595 1188 3676 „quanto

301 3694 414 3791 magis
444 3692 605 3769 Christus
622 3684 815 3793 negabat,
854 3717 954 3771 tanto
984 3695 1097 3794 magis
1124 3692 1188 3768 Pe·

301 3804 396 3888 trum
427 3833 551 3886 contra
584 3814 829 3887 contendisse:
875 3812 976 3908 Quid
1005 3813 1078 3887 hoc
1109 3831 1190 3901 est,

298 3930 434 4033 pergit,
464 3927 597 4005 Petre?
623 3955 705 4006 cum
727 3930 890 4025 dicebat,
916 3956 1010 4008 unus
1028 3948 1191 4010 vestrum
