<?xml version="1.0" encoding="UTF-8"?>
<!DOCTYPE html PUBLIC "-//W3C//DTD XHTML 1.0 Transitional//EN"
    "http://www.w3.org/TR/xhtml1/DTD/xhtml1-transitional.dtd">
<html xmlns="http://www.w3.org/1999/xhtml" xml:lang="en" lang="en">
 <head>
  <title>
</title>
<meta http-equiv="Content-Type" content="text/html;charset=utf-8" />
  <meta name='ocr-system' content='tesseract 3.04.00' />
  <meta name='ocr-capabilities' content='ocr_page ocr_carea ocr_par ocr_line ocrx_word'/>
</head>
<body>
  <div class='ocr_page' id='page_1' title='image "./desublimiinevan03gerbgoog_0249.png"; bbox 0 0 2474 4568; ppageno 0'>
   <div class='ocr_carea' id='block_1_1' title="bbox 219 235 827 338">
    <p class='ocr_par' dir='ltr' id='par_1_1' title="bbox 219 235 827 338">
     <span class='ocr_line' id='line_1_1' title="bbox 219 235 827 338; baseline -0.003 -40"><span class='ocrx_word' id='word_1_1' title='bbox 219 333 222 338; x_wconf 76' lang='lat'><em>.</em></span> <span class='ocrx_word' id='word_1_2' title='bbox 270 266 342 335; x_wconf 64' lang='lat'>242</span> <span class='ocrx_word' id='word_1_3' title='bbox 595 235 827 299; x_wconf 48' lang='lat' dir='ltr'>m</span> 
     </span>
    </p>
   </div>
   <div class='ocr_carea' id='block_1_2' title="bbox 61 393 1186 4001">
    <p class='ocr_par' dir='ltr' id='par_1_2' title="bbox 61 393 1186 2483">
     <span class='ocr_line' id='line_1_2' title="bbox 127 393 1154 493; baseline 0.006 -24"><span class='ocrx_word' id='word_1_4' title='bbox 127 397 371 470; x_wconf 60' lang='lat' dir='ltr'>thr&#39;terim</span> <span class='ocrx_word' id='word_1_5' title='bbox 406 395 478 469; x_wconf 78' lang='lat' dir='ltr'>sine</span> <span class='ocrx_word' id='word_1_6' title='bbox 516 393 684 493; x_wconf 85' lang='lat' dir='ltr'>magistro</span> <span class='ocrx_word' id='word_1_7' title='bbox 723 421 798 469; x_wconf 85' lang='lat' dir='ltr'>esse</span> <span class='ocrx_word' id='word_1_8' title='bbox 836 397 1027 486; x_wconf 85' lang='lat' dir='ltr'>dolerent,</span> <span class='ocrx_word' id='word_1_9' title='bbox 1068 397 1154 475; x_wconf 88' lang='lat' dir='ltr'>ideo</span> 
     </span>
     <span class='ocr_line' id='line_1_3' title="bbox 61 504 1150 614; baseline 0.003 -27"><span class='ocrx_word' id='word_1_10' title='bbox 61 590 65 603; x_wconf 69' lang='lat'><em>,</em></span> <span class='ocrx_word' id='word_1_11' title='bbox 119 504 237 573; x_wconf 77' lang='lat' dir='ltr'>cxttv.</span> <span class='ocrx_word' id='word_1_12' title='bbox 266 517 472 587; x_wconf 88' lang='lat' dir='ltr'>consolatur</span> <span class='ocrx_word' id='word_1_13' title='bbox 507 539 599 596; x_wconf 85' lang='lat' dir='ltr'>eos,</span> <span class='ocrx_word' id='word_1_14' title='bbox 643 513 853 606; x_wconf 65' lang='lat' dir='ltr'>promittens</span> <span class='ocrx_word' id='word_1_15' title='bbox 894 513 942 587; x_wconf 87' lang='lat' dir='ltr'>eis</span> <span class='ocrx_word' id='word_1_16' title='bbox 983 514 1150 614; x_wconf 86' lang='lat' dir='ltr'>Spiritum</span> 
     </span>
     <span class='ocr_line' id='line_1_4' title="bbox 94 628 1151 732; baseline 0.006 -29"><span class='ocrx_word' id='word_1_17' title='bbox 94 635 237 724; x_wconf 48' lang='lat' dir='ltr'>vy*</span> <span class='ocrx_word' id='word_1_18' title='bbox 262 634 466 707; x_wconf 63' lang='lat' dir='ltr'>sanctum‘f</span> <span class='ocrx_word' id='word_1_19' title='bbox 510 629 680 726; x_wconf 84' lang='lat' dir='ltr'>Explicat</span> <span class='ocrx_word' id='word_1_20' title='bbox 700 629 731 701; x_wconf 84' lang='lat' dir='ltr'>S.</span> <span class='ocrx_word' id='word_1_21' title='bbox 754 628 881 704; x_wconf 86' lang='lat' dir='ltr'>doctor</span> <span class='ocrx_word' id='word_1_22' title='bbox 899 631 1052 719; x_wconf 90' lang='lat' dir='ltr'>deinde,</span> <span class='ocrx_word' id='word_1_23' title='bbox 1074 659 1151 732; x_wconf 79' lang='lat' dir='ltr'>quae</span> 
     </span>
     <span class='ocr_line' id='line_1_5' title="bbox 263 745 1149 844; baseline 0.003 -22"><span class='ocrx_word' id='word_1_24' title='bbox 263 751 305 822; x_wconf 79' lang='lat' dir='ltr'>sit</span> <span class='ocrx_word' id='word_1_25' title='bbox 330 747 490 822; x_wconf 90' lang='lat' dir='ltr'>conditio</span> <span class='ocrx_word' id='word_1_26' title='bbox 518 747 563 819; x_wconf 90' lang='lat' dir='ltr'>ad</span> <span class='ocrx_word' id='word_1_27' title='bbox 593 745 836 842; x_wconf 84' lang='lat' dir='ltr'>receptionem</span> <span class='ocrx_word' id='word_1_28' title='bbox 862 747 1011 844; x_wconf 80' lang='lat' dir='ltr'>Spiritus</span> <span class='ocrx_word' id='word_1_29' title='bbox 1038 751 1073 822; x_wconf 81' lang='lat' dir='ltr'>S.</span> <span class='ocrx_word' id='word_1_30' title='bbox 1105 777 1149 826; x_wconf 85' lang='lat' dir='ltr'>ex</span> 
     </span>
     <span class='ocr_line' id='line_1_6' title="bbox 262 863 1148 963; baseline 0.005 -25"><span class='ocrx_word' id='word_1_31' title='bbox 262 887 364 963; x_wconf 86' lang='lat' dir='ltr'>parte</span> <span class='ocrx_word' id='word_1_32' title='bbox 383 864 638 962; x_wconf 87' lang='lat' dir='ltr'>discipulorum</span> <span class='ocrx_word' id='word_1_33' title='bbox 658 863 840 960; x_wconf 81' lang='lat' dir='ltr'>requisita:</span> <span class='ocrx_word' id='word_1_34' title='bbox 860 865 1033 957; x_wconf 79' lang='lat' dir='ltr'>„Scilicet</span> <span class='ocrx_word' id='word_1_35' title='bbox 1051 895 1148 942; x_wconf 88' lang='lat' dir='ltr'>amor</span> 
     </span>
     <span class='ocr_line' id='line_1_7' title="bbox 262 979 1146 1079; baseline 0.003 -23"><span class='ocrx_word' id='word_1_36' title='bbox 262 983 407 1069; x_wconf 86' lang='lat' dir='ltr'>cordis,</span> <span class='ocrx_word' id='word_1_37' title='bbox 452 1002 488 1053; x_wconf 89' lang='lat' dir='ltr'>et</span> <span class='ocrx_word' id='word_1_38' title='bbox 530 980 736 1052; x_wconf 82' lang='lat' dir='ltr'>obedientia</span> <span class='ocrx_word' id='word_1_39' title='bbox 773 979 902 1079; x_wconf 83' lang='lat' dir='ltr'>operis.</span> <span class='ocrx_word' id='word_1_40' title='bbox 979 983 1146 1076; x_wconf 83' lang='lat' dir='ltr'>Quorum</span> 
     </span>
     <span class='ocr_line' id='line_1_8' title="bbox 221 1096 1144 1195; baseline 0.002 -21"><span class='ocrx_word' id='word_1_41' title='bbox 221 1183 224 1189; x_wconf 54' lang='grc'><em>,</em></span> <span class='ocrx_word' id='word_1_42' title='bbox 262 1127 375 1174; x_wconf 89' lang='lat' dir='ltr'>unum</span> <span class='ocrx_word' id='word_1_43' title='bbox 408 1096 590 1169; x_wconf 87' lang='lat' dir='ltr'>Dominus</span> <span class='ocrx_word' id='word_1_44' title='bbox 621 1097 792 1195; x_wconf 85' lang='lat' dir='ltr'>supponit</span> <span class='ocrx_word' id='word_1_45' title='bbox 824 1121 886 1194; x_wconf 88' lang='lat' dir='ltr'>eos</span> <span class='ocrx_word' id='word_1_46' title='bbox 916 1098 1073 1173; x_wconf 84' lang='lat' dir='ltr'>habere:</span> <span class='ocrx_word' id='word_1_47' title='bbox 1112 1121 1144 1176; x_wconf 85' lang='lat' dir='ltr'>et</span> 
     </span>
     <span class='ocr_line' id='line_1_9' title="bbox 263 1210 1144 1313; baseline 0.003 -25"><span class='ocrx_word' id='word_1_48' title='bbox 263 1222 436 1313; x_wconf 89' lang='lat' dir='ltr'>quantum</span> <span class='ocrx_word' id='word_1_49' title='bbox 467 1214 512 1286; x_wconf 89' lang='lat' dir='ltr'>ad</span> <span class='ocrx_word' id='word_1_50' title='bbox 541 1215 613 1286; x_wconf 92' lang='lat' dir='ltr'>hoc</span> <span class='ocrx_word' id='word_1_51' title='bbox 645 1210 749 1286; x_wconf 88' lang='lat' dir='ltr'>dicit:</span> <span class='ocrx_word' id='word_1_52' title='bbox 775 1227 816 1307; x_wconf 56' lang='grc' dir='ltr'>Ι,εἰ</span> <span class='ocrx_word' id='word_1_53' title='bbox 843 1223 973 1302; x_wconf 83' lang='lat' dir='ltr'>diligitis</span> <span class='ocrx_word' id='word_1_54' title='bbox 1000 1245 1076 1304; x_wconf 85' lang='lat' dir='ltr'>mt‚·</span> <span class='ocrx_word' id='word_1_55' title='bbox 1111 1235 1144 1291; x_wconf 88' lang='lat' dir='ltr'>et</span> 
     </span>
     <span class='ocr_line' id='line_1_10' title="bbox 261 1314 1145 1428; baseline 0.003 -23"><span class='ocrx_word' id='word_1_56' title='bbox 261 1332 333 1417; x_wconf 84' lang='lat' dir='ltr'>hoc</span> <span class='ocrx_word' id='word_1_57' title='bbox 371 1353 537 1428; x_wconf 84' lang='lat' dir='ltr'>apparet,</span> <span class='ocrx_word' id='word_1_58' title='bbox 578 1330 662 1425; x_wconf 89' lang='lat' dir='ltr'>quia</span> <span class='ocrx_word' id='word_1_59' title='bbox 692 1328 876 1425; x_wconf 79' lang='lat' dir='ltr'>tristamini</span> <span class='ocrx_word' id='word_1_60' title='bbox 909 1327 954 1405; x_wconf 89' lang='lat' dir='ltr'>de</span> <span class='ocrx_word' id='word_1_61' title='bbox 986 1314 1070 1407; x_wconf 88' lang='lat' dir='ltr'>meo</span> <span class='ocrx_word' id='word_1_62' title='bbox 1095 1361 1145 1408; x_wconf 51' lang='lat' dir='ltr'>‘re-</span> 
     </span>
     <span class='ocr_line' id='line_1_11' title="bbox 264 1447 1143 1545; baseline 0.002 -23"><span class='ocrx_word' id='word_1_63' title='bbox 264 1475 376 1522; x_wconf 84' lang='lat' dir='ltr'>cessu.</span> <span class='ocrx_word' id='word_1_64' title='bbox 429 1449 523 1520; x_wconf 82' lang='lat' dir='ltr'>Infra</span> <span class='ocrx_word' id='word_1_65' title='bbox 536 1447 638 1518; x_wconf 92' lang='lat' dir='ltr'>XVI.</span> <span class='ocrx_word' id='word_1_66' title='bbox 656 1472 714 1535; x_wconf 79' lang='lat'>27.</span> <span class='ocrx_word' id='word_1_67' title='bbox 747 1460 805 1545; x_wconf 80' lang='lat' dir='ltr'>Vos</span> <span class='ocrx_word' id='word_1_68' title='bbox 826 1474 873 1521; x_wconf 87' lang='lat' dir='ltr'>me</span> <span class='ocrx_word' id='word_1_69' title='bbox 895 1463 1047 1536; x_wconf 80' lang='lat' dir='ltr'>amastis,</span> <span class='ocrx_word' id='word_1_70' title='bbox 1072 1464 1143 1544; x_wconf 78' lang='lat' dir='ltr'>qaia</span> 
     </span>
     <span class='ocr_line' id='line_1_12' title="bbox 264 1562 1186 1665; baseline 0.002 -27"><span class='ocrx_word' id='word_1_71' title='bbox 264 1577 304 1638; x_wconf 87' lang='lat' dir='ltr'>ab</span> <span class='ocrx_word' id='word_1_72' title='bbox 334 1577 424 1637; x_wconf 83' lang='lat' dir='ltr'>initio</span> <span class='ocrx_word' id='word_1_73' title='bbox 456 1584 570 1637; x_wconf 81' lang='lat' dir='ltr'>mecum</span> <span class='ocrx_word' id='word_1_74' title='bbox 602 1576 683 1635; x_wconf 83' lang='lat' dir='ltr'>estis.</span> <span class='ocrx_word' id='word_1_75' title='bbox 734 1562 859 1637; x_wconf 72' lang='lat' dir='ltr'>Aliud·</span> <span class='ocrx_word' id='word_1_76' title='bbox 879 1592 967 1638; x_wconf 90' lang='lat' dir='ltr'>vero</span> <span class='ocrx_word' id='word_1_77' title='bbox 998 1567 1142 1665; x_wconf 85' lang='lat' dir='ltr'>imperat</span> <span class='ocrx_word' id='word_1_78' title='bbox 1184 1606 1186 1615; x_wconf 91' lang='grc'><strong><em>·</em></strong></span> 
     </span>
     <span class='ocr_line' id='line_1_13' title="bbox 263 1679 1141 1776; baseline -0.002 -20"><span class='ocrx_word' id='word_1_79' title='bbox 263 1683 441 1769; x_wconf 78' lang='lat' dir='ltr'>futurum,</span> <span class='ocrx_word' id='word_1_80' title='bbox 465 1701 501 1754; x_wconf 88' lang='lat' dir='ltr'>et</span> <span class='ocrx_word' id='word_1_81' title='bbox 517 1698 688 1776; x_wconf 88' lang='lat' dir='ltr'>quantum</span> <span class='ocrx_word' id='word_1_82' title='bbox 707 1679 841 1753; x_wconf 82' lang='lat' dir='ltr'>adhoc</span> <span class='ocrx_word' id='word_1_83' title='bbox 861 1683 963 1754; x_wconf 88' lang='lat' dir='ltr'>dicit:</span> <span class='ocrx_word' id='word_1_84' title='bbox 989 1691 1141 1756; x_wconf 77' lang='lat' dir='ltr'>Mandata</span> 
     </span>
     <span class='ocr_line' id='line_1_14' title="bbox 263 1795 1139 1893; baseline 0.002 -22"><span class='ocrx_word' id='word_1_85' title='bbox 263 1827 332 1872; x_wconf 82' lang='lat' dir='ltr'>mea</span> <span class='ocrx_word' id='word_1_86' title='bbox 353 1806 507 1887; x_wconf 81' lang='lat' dir='ltr'>servate.-</span> <span class='ocrx_word' id='word_1_87' title='bbox 544 1795 644 1893; x_wconf 76' lang='lat' dir='ltr'>quasi</span> <span class='ocrx_word' id='word_1_88' title='bbox 675 1797 791 1869; x_wconf 75' lang='lat' dir='ltr'>dicate</span> <span class='ocrx_word' id='word_1_89' title='bbox 828 1797 916 1870; x_wconf 90' lang='lat' dir='ltr'>Non</span> <span class='ocrx_word' id='word_1_90' title='bbox 952 1799 1139 1873; x_wconf 83' lang='lat' dir='ltr'>ostendatis</span> 
     </span>
     <span class='ocr_line' id='line_1_15' title="bbox 261 1903 1142 2010; baseline 0.003 -23"><span class='ocrx_word' id='word_1_91' title='bbox 261 1903 443 2001; x_wconf 83' lang='lat' dir='ltr'>amorem,</span> <span class='ocrx_word' id='word_1_92' title='bbox 484 1938 590 2010; x_wconf 90' lang='lat' dir='ltr'>quem</span> <span class='ocrx_word' id='word_1_93' title='bbox 628 1912 763 1986; x_wconf 87' lang='lat' dir='ltr'>habetis</span> <span class='ocrx_word' id='word_1_94' title='bbox 796 1911 841 1986; x_wconf 90' lang='lat' dir='ltr'>ad</span> <span class='ocrx_word' id='word_1_95' title='bbox 876 1936 932 1987; x_wconf 86' lang='lat' dir='ltr'>me</span> <span class='ocrx_word' id='word_1_96' title='bbox 962 1916 999 1987; x_wconf 89' lang='lat' dir='ltr'>in</span> <span class='ocrx_word' id='word_1_97' title='bbox 1030 1917 1142 2004; x_wconf 86' lang='lat' dir='ltr'>fletu,</span> 
     </span>
     <span class='ocr_line' id='line_1_16' title="bbox 262 2024 1186 2107; baseline 0.001 -1"><span class='ocrx_word' id='word_1_98' title='bbox 262 2033 324 2106; x_wconf 83' lang='lat' dir='ltr'>[ed</span> <span class='ocrx_word' id='word_1_99' title='bbox 354 2033 390 2105; x_wconf 95' lang='lat' dir='ltr'>in</span> <span class='ocrx_word' id='word_1_100' title='bbox 422 2029 628 2106; x_wconf 79' lang='lat' dir='ltr'>obedientia</span> <span class='ocrx_word' id='word_1_101' title='bbox 659 2029 905 2105; x_wconf 85' lang='lat' dir='ltr'>mandatorum</span> <span class='ocrx_word' id='word_1_102' title='bbox 936 2036 1139 2107; x_wconf 84' lang='lat' dir='ltr'>meorum.“</span> <span class='ocrx_word' id='word_1_103' title='bbox 1184 2024 1186 2089; x_wconf 74' lang='grc' dir='ltr'>ἷ</span> 
     </span>
     <span class='ocr_line' id='line_1_17' title="bbox 197 2149 1186 2285; baseline 0.001 -61"><span class='ocrx_word' id='word_1_104' title='bbox 197 2172 199 2176; x_wconf 69' lang='lat'><strong><em>‘</em></strong></span> <span class='ocrx_word' id='word_1_105' title='bbox 263 2151 340 2224; x_wconf 77' lang='lat' dir='ltr'>iam</span> <span class='ocrx_word' id='word_1_106' title='bbox 361 2172 446 2223; x_wconf 91' lang='lat' dir='ltr'>tunc</span> <span class='ocrx_word' id='word_1_107' title='bbox 467 2149 604 2223; x_wconf 83' lang='lat' dir='ltr'>tristitia</span> <span class='ocrx_word' id='word_1_108' title='bbox 626 2151 808 2246; x_wconf 84' lang='lat' dir='ltr'>apostolos</span> <span class='ocrx_word' id='word_1_109' title='bbox 830 2149 879 2222; x_wconf 91' lang='lat' dir='ltr'>ob</span> <span class='ocrx_word' id='word_1_110' title='bbox 901 2150 1139 2248; x_wconf 87' lang='lat' dir='ltr'>propinquum</span> <span class='ocrx_word' id='word_1_111' title='bbox 1183 2168 1186 2285; x_wconf 59' lang='lat'><strong>⁴</strong></span> 
     </span>
     <span class='ocr_line' id='line_1_18' title="bbox 262 2264 1186 2362; baseline -0.003 -22"><span class='ocrx_word' id='word_1_112' title='bbox 262 2270 455 2341; x_wconf 90' lang='lat' dir='ltr'>discessum</span> <span class='ocrx_word' id='word_1_113' title='bbox 475 2264 607 2338; x_wconf 86' lang='lat' dir='ltr'>Christi</span> <span class='ocrx_word' id='word_1_114' title='bbox 631 2266 828 2362; x_wconf 85' lang='lat' dir='ltr'>repleverat</span> <span class='ocrx_word' id='word_1_115' title='bbox 851 2267 994 2362; x_wconf 72' lang='lat' dir='ltr'>ignaros</span> <span class='ocrx_word' id='word_1_116' title='bbox 1016 2268 1140 2354; x_wconf 85' lang='lat' dir='ltr'>adhuc,</span> <span class='ocrx_word' id='word_1_117' title='bbox 1184 2328 1186 2337; x_wconf 93' lang='lat'><em>.</em></span> 
     </span>
     <span class='ocr_line' id='line_1_19' title="bbox 263 2373 1142 2483; baseline -0.003 -25"><span class='ocrx_word' id='word_1_118' title='bbox 263 2412 343 2483; x_wconf 86' lang='lat' dir='ltr'>quae</span> <span class='ocrx_word' id='word_1_119' title='bbox 373 2411 434 2456; x_wconf 89' lang='lat' dir='ltr'>eos</span> <span class='ocrx_word' id='word_1_120' title='bbox 462 2373 552 2454; x_wconf 82' lang='lat' dir='ltr'>mala</span> <span class='ocrx_word' id='word_1_121' title='bbox 582 2380 784 2455; x_wconf 84' lang='lat' dir='ltr'>sustinenda</span> <span class='ocrx_word' id='word_1_122' title='bbox 813 2403 996 2455; x_wconf 87' lang='lat' dir='ltr'>manerent</span> <span class='ocrx_word' id='word_1_123' title='bbox 1022 2375 1058 2455; x_wconf 86' lang='lat' dir='ltr'>in</span> <span class='ocrx_word' id='word_1_124' title='bbox 1087 2384 1142 2455; x_wconf 89' lang='lat' dir='ltr'>de·</span> 
     </span>
    </p>

    <p class='ocr_par' dir='ltr' id='par_1_3' title="bbox 104 2499 1144 3299">
     <span class='ocr_line' id='line_1_20' title="bbox 104 2499 1144 2599; baseline -0.002 -25"><span class='ocrx_word' id='word_1_125' title='bbox 104 2558 107 2565; x_wconf 84' lang='lat'><em>.</em></span> <span class='ocrx_word' id='word_1_126' title='bbox 209 2583 211 2587; x_wconf 11' lang='lat' dir='ltr'>y</span> <span class='ocrx_word' id='word_1_127' title='bbox 263 2502 431 2574; x_wconf 87' lang='lat' dir='ltr'>mandato</span> <span class='ocrx_word' id='word_1_128' title='bbox 454 2500 502 2572; x_wconf 89' lang='lat' dir='ltr'>eis</span> <span class='ocrx_word' id='word_1_129' title='bbox 522 2499 744 2596; x_wconf 85' lang='lat' dir='ltr'>apostolatus</span> <span class='ocrx_word' id='word_1_130' title='bbox 766 2525 930 2586; x_wconf 82' lang='lat' dir='ltr'>munere3</span> <span class='ocrx_word' id='word_1_131' title='bbox 959 2499 1042 2573; x_wconf 91' lang='lat' dir='ltr'>ideo</span> <span class='ocrx_word' id='word_1_132' title='bbox 1064 2527 1144 2599; x_wconf 66' lang='lat' dir='ltr'>pro·=</span> 
     </span>
     <span class='ocr_line' id='line_1_21' title="bbox 264 2615 1142 2713; baseline -0.003 -22"><span class='ocrx_word' id='word_1_133' title='bbox 264 2619 370 2691; x_wconf 90' lang='lat' dir='ltr'>mittit</span> <span class='ocrx_word' id='word_1_134' title='bbox 398 2619 446 2689; x_wconf 85' lang='lat' dir='ltr'>eis</span> <span class='ocrx_word' id='word_1_135' title='bbox 474 2618 639 2713; x_wconf 83' lang='lat' dir='ltr'>Spiritum</span> <span class='ocrx_word' id='word_1_136' title='bbox 668 2616 699 2688; x_wconf 88' lang='lat' dir='ltr'>S.</span> <span class='ocrx_word' id='word_1_137' title='bbox 730 2615 944 2713; x_wconf 85' lang='lat' dir='ltr'>paracletum</span> <span class='ocrx_word' id='word_1_138' title='bbox 972 2618 1032 2689; x_wconf 90' lang='lat' dir='ltr'>seu</span> <span class='ocrx_word' id='word_1_139' title='bbox 1062 2643 1142 2690; x_wconf 92' lang='lat' dir='ltr'>con·</span> 
     </span>
     <span class='ocr_line' id='line_1_22' title="bbox 263 2733 1143 2830; baseline 0 -24"><span class='ocrx_word' id='word_1_140' title='bbox 263 2739 452 2809; x_wconf 78' lang='lat' dir='ltr'>soiatoreni</span> <span class='ocrx_word' id='word_1_141' title='bbox 482 2733 517 2804; x_wconf 90' lang='lat' dir='ltr'>in</span> <span class='ocrx_word' id='word_1_142' title='bbox 539 2733 704 2804; x_wconf 87' lang='lat' dir='ltr'>omnibus</span> <span class='ocrx_word' id='word_1_143' title='bbox 736 2733 898 2830; x_wconf 81' lang='lat' dir='ltr'>periculis</span> <span class='ocrx_word' id='word_1_144' title='bbox 928 2753 963 2806; x_wconf 92' lang='lat' dir='ltr'>et</span> <span class='ocrx_word' id='word_1_145' title='bbox 992 2734 1143 2820; x_wconf 87' lang='lat' dir='ltr'>adversi·</span> 
     </span>
     <span class='ocr_line' id='line_1_23' title="bbox 263 2848 1141 2946; baseline 0 -23"><span class='ocrx_word' id='word_1_146' title='bbox 263 2849 414 2923; x_wconf 79' lang='lat' dir='ltr'>tatibust</span> <span class='ocrx_word' id='word_1_147' title='bbox 441 2874 484 2920; x_wconf 87' lang='lat' dir='ltr'>ne</span> <span class='ocrx_word' id='word_1_148' title='bbox 505 2876 569 2920; x_wconf 90' lang='lat' dir='ltr'>ceu</span> <span class='ocrx_word' id='word_1_149' title='bbox 588 2848 738 2946; x_wconf 89' lang='lat' dir='ltr'>orphani</span> <span class='ocrx_word' id='word_1_150' title='bbox 755 2849 791 2919; x_wconf 93' lang='lat' dir='ltr'>in</span> <span class='ocrx_word' id='word_1_151' title='bbox 810 2848 946 2922; x_wconf 90' lang='lat' dir='ltr'>mundo</span> <span class='ocrx_word' id='word_1_152' title='bbox 966 2872 1141 2925; x_wconf 85' lang='lat' dir='ltr'>errarent:</span> 
     </span>
     <span class='ocr_line' id='line_1_24' title="bbox 267 2977 1141 3057; baseline 0.006 -20"><span class='ocrx_word' id='word_1_153' title='bbox 267 2978 334 3037; x_wconf 83' lang='lat' dir='ltr'>Noa</span> <span class='ocrx_word' id='word_1_154' title='bbox 357 2977 526 3057; x_wconf 80' lang='lat' dir='ltr'>relinquam</span> <span class='ocrx_word' id='word_1_155' title='bbox 557 2994 614 3036; x_wconf 85' lang='lat' dir='ltr'>vos</span> <span class='ocrx_word' id='word_1_156' title='bbox 639 2977 809 3057; x_wconf 73' lang='lat' dir='ltr'>orphanos,</span> <span class='ocrx_word' id='word_1_157' title='bbox 841 2981 966 3038; x_wconf 83' lang='lat' dir='ltr'>veniam</span> <span class='ocrx_word' id='word_1_158' title='bbox 1000 2979 1045 3039; x_wconf 93' lang='lat' dir='ltr'>ad</span> <span class='ocrx_word' id='word_1_159' title='bbox 1075 2998 1141 3043; x_wconf 85' lang='lat' dir='ltr'>vos.</span> 
     </span>
     <span class='ocr_line' id='line_1_25' title="bbox 262 3065 1139 3179; baseline 0.003 -25"><span class='ocrx_word' id='word_1_160' title='bbox 262 3083 468 3179; x_wconf 81' lang='lat' dir='ltr'>Antequam</span> <span class='ocrx_word' id='word_1_161' title='bbox 503 3081 548 3153; x_wconf 87' lang='lat' dir='ltr'>ab</span> <span class='ocrx_word' id='word_1_162' title='bbox 583 3081 631 3154; x_wconf 85' lang='lat' dir='ltr'>eis</span> <span class='ocrx_word' id='word_1_163' title='bbox 666 3065 942 3157; x_wconf 84' lang='lat' dir='ltr'>discederetad</span> <span class='ocrx_word' id='word_1_164' title='bbox 978 3085 1139 3172; x_wconf 81' lang='lat' dir='ltr'>Patrem,</span> 
     </span>
     <span class='ocr_line' id='line_1_26' title="bbox 263 3199 1143 3299; baseline -0.001 -26"><span class='ocrx_word' id='word_1_165' title='bbox 263 3199 453 3299; x_wconf 81' lang='lat' dir='ltr'>promisit:</span> <span class='ocrx_word' id='word_1_166' title='bbox 494 3208 568 3271; x_wconf 84' lang='lat' dir='ltr'>Ecce</span> <span class='ocrx_word' id='word_1_167' title='bbox 599 3211 652 3285; x_wconf 78' lang='lat' dir='ltr'>ego</span> <span class='ocrx_word' id='word_1_168' title='bbox 683 3207 841 3272; x_wconf 81' lang='lat' dir='ltr'>vobiscum</span> <span class='ocrx_word' id='word_1_169' title='bbox 860 3209 937 3289; x_wconf 88' lang='lat' dir='ltr'>sam</span> <span class='ocrx_word' id='word_1_170' title='bbox 971 3231 1068 3295; x_wconf 79' lang='lat' dir='ltr'>usque</span> <span class='ocrx_word' id='word_1_171' title='bbox 1102 3213 1143 3273; x_wconf 88' lang='lat' dir='ltr'>ad</span> 
     </span>
    </p>

    <p class='ocr_par' dir='ltr' id='par_1_4' title="bbox 185 3316 1142 4001">
     <span class='ocr_line' id='line_1_27' title="bbox 185 3316 1142 3415; baseline 0.003 -27"><span class='ocrx_word' id='word_1_172' title='bbox 185 3358 187 3363; x_wconf 96' lang='lat'>·</span> <span class='ocrx_word' id='word_1_173' title='bbox 263 3330 550 3403; x_wconf 76' lang='lat' dir='ltr'>consummationem</span> <span class='ocrx_word' id='word_1_174' title='bbox 563 3325 679 3406; x_wconf 78' lang='lat' dir='ltr'>saculi.</span> <span class='ocrx_word' id='word_1_175' title='bbox 733 3316 846 3410; x_wconf 86' lang='lat' dir='ltr'>Quod</span> <span class='ocrx_word' id='word_1_176' title='bbox 873 3344 956 3405; x_wconf 86' lang='lat' dir='ltr'>cum</span> <span class='ocrx_word' id='word_1_177' title='bbox 976 3343 1142 3415; x_wconf 85' lang='lat' dir='ltr'>corpora-</span> 
     </span>
     <span class='ocr_line' id='line_1_28' title="bbox 260 3417 1141 3532; baseline 0.005 -28"><span class='ocrx_word' id='word_1_178' title='bbox 260 3424 338 3504; x_wconf 79' lang='lat' dir='ltr'>liter</span> <span class='ocrx_word' id='word_1_179' title='bbox 362 3417 691 3528; x_wconf 26' lang='lat' dir='ltr'>Verbo&#39;incarnato</span> <span class='ocrx_word' id='word_1_180' title='bbox 717 3434 793 3504; x_wconf 85' lang='lat' dir='ltr'>fieri</span> <span class='ocrx_word' id='word_1_181' title='bbox 819 3458 892 3504; x_wconf 89' lang='lat' dir='ltr'>non</span> <span class='ocrx_word' id='word_1_182' title='bbox 918 3457 1059 3532; x_wconf 87' lang='lat' dir='ltr'>posset,</span> <span class='ocrx_word' id='word_1_183' title='bbox 1078 3436 1141 3523; x_wconf 66' lang='lat' dir='ltr'>iiic</span> 
     </span>
     <span class='ocr_line' id='line_1_29' title="bbox 260 3545 1140 3648; baseline 0.002 -26"><span class='ocrx_word' id='word_1_184' title='bbox 260 3547 434 3648; x_wconf 88' lang='lat' dir='ltr'>promittit</span> <span class='ocrx_word' id='word_1_185' title='bbox 467 3574 505 3619; x_wconf 86' lang='lat' dir='ltr'>se</span> <span class='ocrx_word' id='word_1_186' title='bbox 540 3567 745 3643; x_wconf 83' lang='lat' dir='ltr'>rogaturum</span> <span class='ocrx_word' id='word_1_187' title='bbox 780 3545 942 3623; x_wconf 86' lang='lat' dir='ltr'>Patrem:</span> <span class='ocrx_word' id='word_1_188' title='bbox 981 3575 1011 3625; x_wconf 82' lang='lat' dir='ltr'>et</span> <span class='ocrx_word' id='word_1_189' title='bbox 1045 3564 1140 3624; x_wconf 81' lang='lat' dir='ltr'>aliam</span> 
     </span>
     <span class='ocr_line' id='line_1_30' title="bbox 256 3676 1140 3760; baseline 0.003 -23"><span class='ocrx_word' id='word_1_190' title='bbox 256 3677 447 3760; x_wconf 80' lang='lat' dir='ltr'>paraclitum</span> <span class='ocrx_word' id='word_1_191' title='bbox 468 3676 555 3739; x_wconf 83' lang='lat' dir='ltr'>dabit</span> <span class='ocrx_word' id='word_1_192' title='bbox 576 3677 685 3754; x_wconf 79' lang='lat' dir='ltr'>vobis,</span> <span class='ocrx_word' id='word_1_193' title='bbox 722 3691 757 3740; x_wconf 86' lang='lat' dir='ltr'>at</span> <span class='ocrx_word' id='word_1_194' title='bbox 781 3691 906 3740; x_wconf 84' lang='lat' dir='ltr'>maneat</span> <span class='ocrx_word' id='word_1_195' title='bbox 927 3680 1085 3742; x_wconf 68' lang='lat' dir='ltr'>nodatam</span> <span class='ocrx_word' id='word_1_196' title='bbox 1109 3681 1140 3740; x_wconf 85' lang='lat' dir='ltr'>iu</span> 
     </span>
     <span class='ocr_line' id='line_1_31' title="bbox 264 3791 1140 3883; baseline 0.002 -27"><span class='ocrx_word' id='word_1_197' title='bbox 264 3809 422 3868; x_wconf 75' lang='lat' dir='ltr'>aternum,</span> <span class='ocrx_word' id='word_1_198' title='bbox 451 3791 599 3872; x_wconf 82' lang='lat' dir='ltr'>Spiritum</span> <span class='ocrx_word' id='word_1_199' title='bbox 623 3799 789 3883; x_wconf 72' lang='lat' dir='ltr'>veritatis,</span> <span class='ocrx_word' id='word_1_200' title='bbox 817 3814 905 3877; x_wconf 81' lang='lat' dir='ltr'>quem</span> <span class='ocrx_word' id='word_1_201' title='bbox 930 3798 1063 3859; x_wconf 85' lang='lat' dir='ltr'>mandas</span> <span class='ocrx_word' id='word_1_202' title='bbox 1084 3814 1140 3858; x_wconf 84' lang='lat' dir='ltr'>non</span> 
     </span>
     <span class='ocr_line' id='line_1_32' title="bbox 251 3900 1139 4001; baseline 0 -28"><span class='ocrx_word' id='word_1_203' title='bbox 251 3906 363 3996; x_wconf 70' lang='lat' dir='ltr'>&#39;potest</span> <span class='ocrx_word' id='word_1_204' title='bbox 393 3911 536 3990; x_wconf 81' lang='lat' dir='ltr'>accipere.</span> <span class='ocrx_word' id='word_1_205' title='bbox 600 3900 733 3975; x_wconf 88' lang='lat' dir='ltr'>Adhuc</span> <span class='ocrx_word' id='word_1_206' title='bbox 768 3927 809 3973; x_wconf 79' lang='lat' dir='ltr'>ea</span> <span class='ocrx_word' id='word_1_207' title='bbox 838 3901 875 3972; x_wconf 92' lang='lat' dir='ltr'>in</span> <span class='ocrx_word' id='word_1_208' title='bbox 909 3903 1139 4001; x_wconf 80' lang='lat' dir='ltr'>persuasione</span> 
     </span>
    </p>
   </div>
   <div class='ocr_carea' id='block_1_3' title="bbox 0 0 1242 4568">
    <p class='ocr_par' dir='ltr' id='par_1_5' title="bbox 0 0 1242 4568">
     <span class='ocr_line' id='line_1_33' title="bbox 0 0 1242 4568; baseline 0 1"><span class='ocrx_word' id='word_1_209' title='bbox 0 0 1242 4568; x_wconf 95' lang='lat' dir='ltr'> </span> 
     </span>
    </p>
   </div>
  </div>
 </body>
</html>
