2474 4568
630 312 860 331 ..n-nat·-

303 280 379 356 ¹120

163 410 277 490 clm
305 452 341 505 et
361 433 522 530 populo,
562 448 598 502 et
624 432 706 502 loco
733 425 978 502 cultores‘nbi
1003 429 1183 526 adlegeret

158 546 286 602 mlx·
305 553 404 622 etc.“
456 547 537 630 Alia
560 573 650 619 vero
671 546 819 618 aliorum
841 545 897 617 SS.
924 545 1068 617 Parrum
1093 545 1182 618 testi·

153 656 425 736 b‘vvmouia
449 684 550 736 notat
577 663 664 735 Ben.
693 662 846 734 Bossuet
868 661 902 733 in
929 662 1182 759 apocalypsin,

301 785 340 854 in
369 807 444 852 eam
475 781 704 866 sententiam,
739 804 810 875 qua
838 779 918 850 finis
949 767 1082 852 mundi
1104 804 1183 851 cum

301 899 445 971 interitu
483 894 639 974 Romani
675 895 815 992 Imperii
855 886 1082 968 coniunctus¹
1108 921 1184 966 esse

296 1015 543 1103 existimatur,
579 1039 654 1110 quo
680 1013 783 1084 otiam
810 1033 1013 1109 temporum
1039 1013 1182 1084 illorum

301 1131 514 1204 calamitates
549 1132 724 1228 pertinere
749 1127 875 1226 passim
908 1129 1108 1201 edixerunt
1149 1127 1184 1200 S.

302 1247 505 1344 Cyprianus
532 1248 567 1319 in
598 1273 705 1319 aureo
735 1271 801 1342 pro
830 1244 958 1317 nostris
991 1245 1183 1342 praesertim

301 1365 522 1459 temporibus
547 1376 582 1433 de
606 1377 726 1461 renitere
747 1372 881 1444 vEcclesia
904 1346 996 1435 libro
1021 1363 1107 1434 dum
1132 1362 1185 1432 in·

301 1481 428 1552 testina
449 1479 617 1552 Ecclesiae
640 1482 730 1551 mala
759 1504 830 1575 prae
857 1480 969 1551 oculis
998 1479 1185 1551 versaban-

300 1623 382 1685 tur,
410 1597 609 1683 „haereticae
637 1596 873 1693 perversitatis
900 1618 935 1668 et
960 1596 1184 1671 schismatum

301 1735 477 1786 venenata
506 1712 701 1810 perniciesz
729 1712 831 1809 quia,
858 1713 994 1810 pergit,
1021 1732 1057 1786 et
1078 1713 1124 1786 src
1150 1713 1186 1784 in

303 1855 434 1903 occasu
453 1830 578 1901 mundi
595 1830 670 1902 fieri
690 1829 1186 1926 oportebat,-praenunciante

299 1972 365 2043 per
391 1951 592 2043 apostolum
619 1945 745 2033 nobis,
781 1967 817 2018 et
842 1965 1084 2044 praemonente
1112 1944 1185 2042 Spi·

300 2054 374 2137 ritu
403 2065 546 2137 sancto:
595 2075 631 2136 In
661 2077 856 2152 novissimis,
900 2063 1038 2158 inquit,
1083 2073 1187 2135 dicbus

193 2253 196 2259 ,
217 2202 220 2209 ’
300 2191 434 2253 aderunt
454 2203 593 2272 tempora
609 2193 757 2267 molesto,
783 2201 920 2252 eternae
940 2188 1075 2251 homiues
1096 2155 1186 2252 cic.“

254 2317 257 2322 ’
300 2298 406 2370 Juvat
430 2297 489 2370 hic
514 2298 713 2369 exscribere
733 2296 851 2394 operis
870 2295 965 2367 illius
987 2295 1187 2369 conclusio·

194 2407 198 2415 ’
300 2443 406 2501 nem,
441 2413 552 2509 magis
580 2413 700 2509 utique
732 2413 951 2509 temporibus
981 2412 1110 2485 nostris
1136 2439 1186 2485 ra·

292 2531 436 2602 'tionem
456 2532 729 2602 novissimorum
751 2551 952 2627 temporum
970 2514 1184 2602 habentibus
1223 2618 1227 2625 .

299 2671 386 2743 post
408 2669 461 2719 tot
482 2651 605 2718 secula
630 2669 735 2742 atque
761 2669 922 2746 tempora
942 2646 1000 2719 illa
1025 2672 1184 2746 persecu·

302 2763 442 2834 tionum
482 2789 522 2832 ac
566 2763 757 2856 insequens
797 2790 944 2860 regnum
982 2763 1115 2836 Christi
1147 2760 1182 2834 iu

299 2880 412 2950 terris.
481 2930 503 2964 „
516 2877 571 2951 Sic
607 2879 644 2949 in
681 2879 807 2968 nobis,
844 2880 982 2976 inquit,⁴
1016 2879 1183 2953 emarcuit

299 2995 406 3090 vigor
429 2995 533 3082 fidei,
563 2997 607 3066 fic
625 2996 843 3071 credentium
866 2998 977 3076 robur
1001 2997 1181 3094 elanguit?
1221 3034 1227 3103 p

301 3113 351 3186 Et
375 3113 513 3186 idcireo
536 3112 717 3186 Dominus
744 3137 904 3212 tempora
930 3135 1053 3186 nostra
1079 3115 1181 3212 respi·
1220 3114 1227 3153 ³

300 3232 417 3319 ciens,
440 3231 475 3302 in
499 3231 700 3328 Evangelio
722 3234 784 3306 luo
805 3233 906 3305 dicit:
937 3241 1033 3302 Filius
1054 3241 1181 3304 domarit
1223 3310 1227 3315 ,

302 3375 370 3417 cum
388 3360 523 3432 venerit,
540 3373 638 3438 puros
655 3363 788 3419 inueniet
798 3357 893 3433 fidem
908 3362 940 3420 in
955 3358 1065 3422 terro?
1087 3349 1181 3422 vide·

301 3489 381 3533 mus
397 3463 489 3549 fieri,
511 3466 609 3560 quod
624 3467 681 3534 ille
695 3463 870 3559 praedixit.
900 3465 941 3537 ln
956 3465 1029 3536 Dei
1043 3467 1180 3552 timore,
1220 3526 1227 3563 e

300 3580 338 3651 in
356 3583 433 3673 lege
451 3580 604 3666 iusririae,
625 3581 661 3649 in
680 3580 888 3669 dilectione,
907 3581 945 3653 in
964 3608 1076 3678 opere
1093 3584 1181 3657 fides

302 3700 399 3768 nulla
414 3715 473 3767 est.
494 3696 613 3767 Nemo
625 3698 822 3770 futurorum
835 3721 929 3771 metu
942 3700 1078 3796 cogitat
1089 3703 1182 3774 diem
1216 3724 1227 3803 4·

302 3811 474 3896 Domini,
500 3834 534 3883 et
552 3813 636 3884 iram
657 3814 745 3886 Dei:
773 3837 807 3888 et
826 3818 1014 3888 incredulis
1031 3840 1183 3892 ventura
1212 3796 1226 3853 ⁸·

264 3942 269 3950 “
302 3927 524 4030 ,suppliciam
542 3927 665 4004 statuta
685 3933 830 4031 perfidis
853 3954 982 4007 aeterna
1004 3955 1182 4010 tormenta
