2604 4696
372 276 605 336 Ξ
856 313 924 380 123

50 438 177 511 iaculo
191 435 273 514 ,iam
299 433 473 508 moriente
498 436 693 540 desideret,
719 437 779 512 sed
797 440 935 536 ,sequa-⁸
952 432 1068 498 (ΒΑΜ

50 575 101 628 tur
120 553 351 627 Christum.“
400 553 449 625 Et
465 580 572 626 mox:
600 553 731 642 „Nec,
751 554 817 642 ait,
837 555 1075 652 qu13.chtx.

47 697 152 766 quarn
178 671 342 757 miretur,
364 665 673 768 persecutionibus
691 699 757 746 nos
780 673 928 746 assiduis
942 673 1085 736 “V“

45 787 203 883 fatigari,
232 807 267 859 et
294 786 463 883 pressuris
492 781 703 882 angentibus
725 789 929 886 frequenter
1064 777 1069 783 ¹

47 889 191 999 urgeri3
233 903 377 999 quando
408 904 484 976 haec
513 899 629 977 futura
658 903 694 976 in
728 904 930 980 novissimis

46 1019 270 1116 temporibus
302 1017 484 1092 Dominus
514 1041 597 1092 ante
628 1020 855 1117 praedixerit,
893 1042 935 1096 et-

45 1136 203 1209 militiam
232 1156 388 1208 nostram
414 1137 618 1232 magisterio¹
640 1159 676 1210 et
700 1139 926 1213 hortamento

46 1254 94 1326 sui
111 1251 286 1330 sermonis
304 1251 515 1326 instruxerit.
527 1256 548 1292 “
589 1254 637 1326 -Et
653 1275 798 1352 postea:
821 1255 926 1343 „Ne-

47 1398 113 1468 que
146 1369 274 1466 aliquis
301 1394 347 1441 ex
376 1370 506 1458 vobis,
539 1370 661 1444 fratres
689 1373 926 1462 dilectissimi,

46 1489 170 1561 futurae
203 1486 460 1584 persecutionis
491 1508 609 1575 metu,
645 1509 705 1562 aut
735 1489 928 1563 antichristi
967 1550 977 1580 .·

48 1603 265 1677 imminentis
292 1603 448 1676 adventu
479 1604 530 1678 src'
554 1624 743 1694 terreatur,
783 1626 822 1678 ut
851 1634 926 1680 uon

49 1720 262 1817 evangelicis
297 1719 629 1808 exhortationibus,
669 1741 705 1800 et
739 1724 925 1820 praeceptis

48 1865 85 1911 ac
110 1837 258 1911 monitis
285 1837 483 1912 coelestibus
511 1838 555 1910 ad
582 1839 702 1912 omnia
726 1835 927 1916 inveniatur

50 1977 212 2029 armatus.
263 1953 375 2050 Venit
399 1954 643 2048 antichristus,
669 1957 730 2030 sed
758 1977 792 2030 et
812 1959 930 2054 super·

50 2075 147 2145 veuit
171 2071 349 2144 Christus.
398 2070 606 2159 Grassatur,
636 2093 672 2145 et
698 2075 795 2147 saevit
816 2071 929 2145 immi·

51 2214 133 2278 cus,
160 2190 282 2262 sedet
306 2187 417 2261 statim
444 2187 598 2283 [equitur
620 2187 825 2276 Dominus,
852 2215 929 2285 pas·

51 2306 168 2380 siones
213 2312 352 2378 nostras
401 2324 436 2377 et
474 2308 630 2382 ‘vulnera
675 2305 929 2401 vindicaturus.

53 2421 215 2497 irascitur
241 2422 461 2496 adversarius
493 2443 528 2494 et
557 2421 732 2508 minatur,
769 2423 831 2494 led
856 2439 930 2510 est,

51 2541 112 2637 qui.
128 2539 246 2638 possit
267 2541 311 2612 de
336 2538 410 2612 eius
441 2540 604 2616 manibus
626 2537 786 2618 liberare.
797 2544 820 2578 “

122 2771 329 2846 Lactantius
354 2784 391 2846 de
413 2783 505 2846 beata
525 2787 598 2846 vira
627 2773 672 2847 ad
697 2775 947 2871 profanorum.

54 2891 155 2964 etiam
180 2890 461 2988 prophetarum,
487 2897 640 2988 quorum
665 2909 750 2964 tuuc
772 2890 931 2966 vendita·

54 3005 179 3104 bantur
207 3010 369 3095 oracula,
402 3008 447 3079 ad
474 3008 633 3105 Sybillas'
654 3007 822 3103 imprimis
849 3033 931 3104 pro·

54 3144 177 3198 vocat:
205 3123 491 3219 „Congruentes
518 3150 598 3197 cum
622 3125 824 3226 coelestibus
846 3123 933 3198 divi·

53 3267 175 3314 narum
201 3239 397 3325 literarum,
424 3241 531 3312 finem
560 3263 677 3311 rerum
705 3261 741 3312 et
765 3264 933 3312 occasum

52 3378 134 3453 post
155 3359 265 3430 breve
284 3377 423 3454 tempus
444 3353 713 3454 anpuntiantes,
734 3355 934 3428 describen-

52 3493 100 3548 tes
128 3474 229 3572 quasi
257 3473 392 3570 fatigati
419 3493 454 3547 et
482 3472 677 3546 delabentis
705 3472 831 3548 mundi
857 3475 934 3547 ulti·

53 3618 144 3665 mam
190 3593 459 3668 senectutem.“
539 3589 715 3663 Proximis
760 3591 936 3688 capitibus

52 3728 240 3805 postquam
261 3707 420 3806 pericula
443 3727 478 3779 et
499 3708 708 3780 calamitates
731 3707 937 3786 ultimorum

52 3845 256 3925 temporum
281 3907 282 3912 ἵ
291 3825 459 3922 graphice
488 3823 732 3897 adumbrasset
763 3851 838 3924 cap.
857 3847 933 3930 25·

56 3945 85 4016 ei
114 3944 231 4019 omnis
260 3943 480 4042 exspectatio
512 3969 586 4017 non
615 3943 789 4042 amplius,
826 3965 935 4037 quarn
