2474 4568
763 125 775 151 Ι

579 283 810 341 m

258 295 326 374 138

109 434 224 498 CAPUT
253 411 439 532 apparuit,
476 432 629 530 periisse.
691 430 852 503 Omnino
885 433 977 504 enim
1009 452 1135 506 contra

100 557 227 615 CXXIX·
255 552 407 648 reperire
427 569 495 635 est,
512 550 668 644 viguisse
687 546 823 644 ipsum,
843 568 877 619 et
896 577 967 620 non
987 549 1132 644 periisse

93 671 333 741 Wcum
364 666 552 739 Salvatoris
581 686 660 738 ortu
693 667 790 736 etc.“
850 666 989 737 Eodem
1020 667 1133 737 modo

254 803 512 857 commentatur
541 784 574 852 in
607 804 711 877 caput
740 781 922 876 septimum
955 778 1019 871 a),
1058 808 1131 876 quo

252 901 342 974 visio
364 900 525 971 Danielis
547 920 699 994 quatuor
717 897 907 968 bestiarum
928 899 1133 994 exponitur,

254 1039 288 1090 et
316 1019 350 1087 in
378 1038 482 1111 caput
507 1016 732 1088 undecimum
764 1016 921 1085 ostendit
949 1014 1006 1103 b),
1048 1041 1135 1109 quo·

252 1134 363 1205 modo
408 1133 454 1203 ad
500 1122 814 1227 interrogationem
857 1136 1131 1230 apostolorum:

252 1302 275 1337 ,,
286 1260 416 1342 Quando
443 1259 501 1319 hac
530 1270 635 1334 erunt,
669 1271 699 1318 er
729 1260 812 1338 qarod
830 1255 951 1334 figuram
981 1260 1136 1320 adventus

160 1368 164 1388 ¹
252 1376 326 1437 rui?
354 1365 514 1437 Christus
541 1363 722 1438 Dominus
748 1366 986 1460 promiscuum
1017 1365 1135 1436 reddit

250 1508 481 1576 responsum,
506 1482 604 1552 simul
629 1507 668 1552 ea
692 1480 829 1569 dicens,
853 1504 984 1576 ecquae
1006 1483 1133 1555 Hiero·

249 1600 394 1696 solymis
427 1618 543 1671 essent
577 1618 769 1685 eventura,
808 1622 842 1672 et
873 1623 949 1694 quac
982 1600 1016 1669 in
1050 1626 1133 1670 con·

249 1715 486 1789 sumrnatione
507 1714 621 1785 saeculi
648 1716 808 1787 futura.“
872 1716 926 1787 Sic
954 1715 1058 1787 etiam
1087 1741 1131 1785 ex

250 1831 476 1903 Theodoreti
507 1829 677 1903 sententia
708 1831 838 1904 Daniel
869 1834 912 1904 ab
945 1816 1131 1903 Antiocho

248 1949 437 2044 Epiphanc
458 1969 625 2042 tanquam
644 1947 796 2043 imagine
815 1948 936 2019 transit
956 1949 999 2018 ad
1016 1975 1132 2019 exem·

247 2068 344 2161 plar:
372 2065 598 2160 „Exemplar
624 2088 766 2151 autem,
796 2065 926 2160 inquit,
955 2063 1131 2136 Antiochi

249 2203 302 2253 est
331 2183 580 2266 antichristus,
623 2203 664 2280 et
686 2181 880 2253 antichristi
910 2182 1031 2276 imago
1059 2181 1131 2252 An·

249 2283 431 2369 tiochus.“
482 2300 528 2375 Et
547 2301 654 2393 paulo
679 2320 778 2393 post:
807 2298 951 2388 „Quod
979 2298 1005 2368 si
1032 2298 1127 2393 quiS,

224 2415 384 2512 pergit,
425 2414 619 2509 prophetiae
654 2414 777 2486 seriem
809 2415 1012 2509 inquirens,
1054 2417 1128 2486 haec

247 2558 320 2601 non
354 2531 398 2605 ita
425 2556 461 2600 se
489 2531 620 2606 habere
650 2527 790 2617 credat,
828 2533 855 2602 is
887 2532 1128 2624 euangelicam

248 2646 444 2718 doctrinam
471 2669 588 2719 mente
612 2668 764 2743 repetat,
796 2648 855 2718 ubi
881 2648 1066 2720 Dominus
1092 2649 1128 2718 sr-

245 2766 341 2847 mul,
384 2784 419 2834 et
444 2790 521 2858 quae
552 2766 596 2835 ad
624 2790 872 2852 communem,
912 2789 946 2836 et
975 2791 1055 2861 quae
1083 2767 1128 2837 ad

243 2878 353 2974 ipsius
386 2879 605 2954 Hierusalem
643 2879 984 2954 consummationem
1024 2883 1129 2977 perti·

244 3016 350 3082 nent,
387 2999 546 3092 praedicit
577 3017 640 3068 etc.
656 2999 678 3033 “
746 2996 845 3069 Dum
881 3025 945 3069 nos
976 3000 1125 3094 legimus

243 3111 339 3184 Dan.
365 3116 430 3186 Xl.
453 3139 512 3201 40.
540 3122 582 3182 Et
601 3125 632 3185 io
656 3135 789 3205 tempore
804 3123 956 3206 prefinito
977 3126 1126 3206 praeliabi-

241 3252 293 3300 rur
315 3253 369 3302 etc.
398 3232 474 3327 ipse
499 3233 643 3324 legenS,
679 3245 711 3306 ia
731 3240 795 3317 fine
819 3256 1010 3322 temporum,
1048 3234 1125 3305 sub·

243 3352 313 3422 dit:
342 3351 469 3445 „Saepe
493 3346 668 3434 diximus,
697 3369 828 3442 quartae
851 3348 970 3420 bestiae
997 3351 1124 3421 decem

242 3496 391 3552 cornua,
420 3490 499 3559 quac
527 3466 653 3564 eodem
677 3485 837 3562 tempore
859 3489 1121 3562 apparuerunt3

241 3589 363 3657 decem
391 3606 489 3675 reges
519 3581 710 3675 siguificare
726 3622 745 3669 ‚¹
763 3583 820 3679 qui
849 3583 985 3654 circiter
1011 3585 1121 3656 finem

240 3698 402 3772 Romani
428 3697 564 3794 imperii
598 3700 848 3794 regnaburrt,“
882 3705 992 3771 multa
1026 3701 1123 3772 dein·

239 3845 322 3914 ceps
350 3815 531 3909 explicans
558 3818 593 3887 in
622 3818 795 3903 Daniele,
824 3843 903 3911 quae
932 3818 1119 3890 Antiocho

272 3961 301 4031 a)
320 3965 362 4018 It.
379 3975 409 4032 p.⁴
427 3964 487 4029 637.
508 3974 556 4020 arr.
624 3959 653 4032 l)
672 3965 736 4030 Pag.
758 3967 817 4030 657.
