2474 4568
580 326 810 340 ffl-

260 315 306 385 92

113 436 230 501 CAPUT
260 450 422 514 catores:¹
453 467 497 514 ex
528 440 654 535 quibus
687 439 820 513 Christi
852 439 1047 514 doctrinam
1077 419 1153 511 ex(

110 547 222 613 CXXV·
260 558 438 653 pameas,
476 558 508 630 S.
535 557 688 629 iacobus
720 561 923 653 apostolus:
960 568 1137 644 morietur,

94 653 239 736 W*
257 698 379 763 autem,
399 671 516 763 aito),
528 683 635 762 frater
655 683 779 745 humilis
798 687 830 743 in
849 681 1135 760 exaltatioaefito3

257 803 345 865 aives
379 812 482 863 cutem
512 803 544 860 in
573 800 750 860 humilitate
763 799 851 878 fito,
886 801 1032 880 quoniam
1053 774 1137 874 stetit

248 923 312 996 flos
327 917 409 994 foai
433 917 601 977 transibit:
639 932 705 976 nec
729 905 765 976 in
794 906 892 979 omni
916 904 1135 985 abundantia

253 1026 316 1097 sua
351 1023 496 1119 pauperi
533 1023 802 1118 aequiparandus
832 1021 953 1108 venit,
997 1021 1059 1116 qui
1089 1008 1136 1091 d'e

173 1143 176 1149 ’
204 1124 208 1134 ⁴
251 1140 402 1238 penuria
418 1143 477 1212 sua
496 1140 559 1210 fibi
576 1139 613 1209 in
632 1139 776 1210 Christo
798 1138 1013 1210 thesaurizat
1055 1149 1135 1208 Nom

251 1267 333 1333 idem
359 1264 506 1327 Dominus
529 1267 684 1340 omnium,
712 1265 797 1326 diues
816 1266 849 1324 ia
873 1283 991 1340 omnes,
1017 1265 1072 1344 qui
1093 1240 1137 1324 iit·

238 1367 369 1444 ⁵vocatu
392 1381 477 1441 ilium
500 1367 559 1459 h),
586 1370 684 1442 iuxta
713 1373 935 1466 apostolum
964 1368 1024 1464 qui
1047 1367 1134 1449 Deo

249 1512 319 1584 'pro
348 1488 542 1560 Corinthiis
563 1488 689 1583 gratias
710 1488 802 1582 agit,
826 1497 926 1579 quod,
949 1505 989 1557 ut
1011 1484 1059 1557 ait
1079 1483 1133 1575 c),

249 1618 286 1679 iu
312 1617 450 1678 omnibus
479 1616 593 1675 divites
609 1613 697 1691 jotti
723 1618 795 1675 estis
819 1617 852 1674 in
879 1613 954 1689 iilo,
989 1616 1022 1674 in
1052 1613 1134 1673 omni

248 1737 367 1805 verbo,
407 1743 437 1791 et
466 1732 499 1790 in
527 1733 609 1790 omui
623 1729 782 1809 scicntia:
812 1727 896 1806 ficut
926 1732 1132 1791 testimonium

254 1847 367 1908 Christi
398 1843 610 1921 confirmatum
640 1858 687 1908 est
716 1851 748 1907 in
773 1849 885 1908 vohis:
921 1849 1032 1907 itaut
1059 1833 1135 1906 nihii

250 1965 340 2026 vohis
360 1964 438 2025 desit
458 1966 489 2022 ia
515 1963 578 2022 otto
597 1965 726 2044 gratio,
753 1962 999 2043 exspectantibus
1019 1963 1132 2024 revelo·-

252 2081 365 2172 tiottcm
387 2079 512 2141 Domini
530 2083 626 2142 nostri
647 2079 722 2150 Jesu
749 2080 870 2145 Christi.

327 2303 392 2374 Est
422 2305 492 2376 hoc
524 2330 598 2376 esse
630 2304 671 2374 in.
700 2303 823 2375 Deum
854 2302 998 2374 divitem
1033 2303 1131 2374 iuxta

251 2417 385 2491 Christi
422 2416 563 2493 effatum
584 2421 686 2494 Luc.
714 2419 798 2492 ΧΗ.
834 2445 891 2494 21.
920 2419 983 2490 ubi
1018 2421 1132 2491 redar-

240 2534 391 2628 guitur:
433 2545 494 2627 Qui
517 2543 590 2621 stit
610 2547 828 2624 thesaurizat,
866 2559 896 2609 tt
927 2564 985 2606 uon
1019 2558 1066 2608 cst
1098 2550 1131 2606 io

249 2659 350 2720 Deum
378 2661 488 2733 diocs,·
524 2655 622 2723 secus
649 2679 690 2724 ac
720 2653 828 2724 vidua
858 2653 939 2737 illa,
975 2677 1054 2746 quae
1085 2653 1129 2722 de

248 2766 396 2859 penuria
426 2767 485 2837 sua
516 2767 656 2853 omnia,
692 2793 770 2862 quac
797 2767 940 2852 habuit,
976 2769 1070 2840 misit
1091 2769 1128 2838 ia

246 2881 576 2976 gazophylacium
619 2882 738 2957 Diviti
757 2882 831 2969 ilii,
859 2883 920 2979 qui
946 2911 983 2956 se
1009 2887 1130 2958 omnia

244 3019 419 3093 praccepta
435 2997 521 3094 legis
538 3001 691 3073 servasse
709 3001 888 3097 professus
901 3008 976 3073 'erat
989 3004 1127 3076 Matth.

245 3113 353 3184 XIX.
386 3141 443 3188 21.
472 3116 633 3189 Christus
658 3119 799 3191 luadet:
838 3127 872 3187 Si
899 3130 950 3188 vis
969 3129 1127 3208 perfectus

244 3259 328 3320 csse,
364 3244 467 3321 vade,
504 3247 600 3308 vende
625 3263 689 3328 quo
714 3247 825 3320 hahes,
854 3257 883 3306 ct
906 3247 952 3304 tia
979 3250 1128 3326 pauperi·

242 3357 319 3433 hus,
347 3371 377 3419 et
401 3361 523 3422 habebis
545 3363 722 3424 thesaurum
744 3365 776 3421 in
798 3362 888 3422 coelo:
916 3375 946 3423 ct
970 3364 1058 3438 veni,
1075 3361 1128 3440 sc·

243 3493 334 3554 quere
363 3494 420 3535 me.
484 3466 538 3537 Sic
570 3463 875 3562 pauperes'etiam
906 3469 1124 3564 piscatores,

244 3579 369 3650 divites
396 3581 476 3654 facti
499 3586 578 3654 sunt
601 3581 775 3680 apostoli,
813 3585 897 3656 dum
925 3586 1046 3657 omnia
1074 3611 1136 3656 re··

144 3745 147 3754 -
210 3790 213 3794 Ι
241 3696 440 3792 liquerunt,
467 3698 646 3770 Christum
665 3701 771 3774 secuti
787 3703 868 3773 suos
892 3720 1121 3775 monentem:

172 3897 175 3905 “
277 3888 308 3969 μ)
332 3890 392 3956 Jac.
419 3891 444 3944 I.
471 3908 495 3958 9.
522 3903 570 3948 etc.
678 3892 707 3964 b)
732 3896 807 3951 Rosia
835 3897 871 3952 X.
900 3913 941 3952 12.

310 3957 339 4027 c)
358 3962 383 4016 I.
406 3963 466 4015 cor:
482 3962 508 4015 I.
529 3977 553 4028 5.
876 4020 878 4025 ,

327 4153 394 4229 .qy
