2474 4568
321 281 411 362 382-
648 269 890 328 ΞΕ·

186 418 309 485 Cffl’f-
322 448 399 518 pus.
437 419 555 495 Nubis
575 432 664 495 vero
684 419 909 493 credentibus
933 421 1197 513 accommodate

166 541 310 599 ctxxlv.
322 538 545 611 haecomnia
562 522 682 635 fiunt,
707 558 743 609 et
773 556 899 631 optato
933 536 1085 611 omnino
1116 539 1198 621 acci,-

164 657 305 714 ΨΥ*
321 655 411 726 dunt
430 655 623 727 secundum
646 650 867 748 evangelium
888 654 994 726 totius
1015 653 1204 755 redemtio-⁸

321 771 374 841 nis
397 755 541 859 nostrae,
566 794 645 865 quae
666 787 740 841 tota
757 766 794 839 in
814 770 911 864 spem
934 770 1194 845 resurrectionis

320 898 470 972 nostrae,
492 885 630 960 devicta
650 906 782 973 morte,
803 878 843 956 ad
865 885 959 958 foras
982 884 1094 979 misso
1110 886 1195 985 prin·

320 1000 398 1099 cipe
422 1002 528 1076 huius
552 1000 696 1089 mundi,
724 1000 868 1088 recidit,
895 999 1010 1098 atque
1029 1000 1192 1101 recipitu-

318 1121 432 1206 latur,
469 1138 508 1191 ut
538 1118 684 1215 pulchre
712 1117 867 1215 explicat
892 1116 925 1190 S.
953 1102 1110 1193 Irenicus
1135 1120 1189 1194 Μ.

318 1218 464 1322 ‚3Sicu't‚
492 1234 607 1330 inquit
630 1230 687 1324 n),
715 1228 888 1331 patienter
912 1236 1077 1338 sustinuit
1096 1234 1190 1309 Deus

317 1340 501 1423 absorberi
522 1350 647 1422 innam
669 1376 689 1423 a
713 1370 813 1438 ceto,
838 1377 911 1423 non
934 1348 974 1426 ut
993 1346 1191 1426 absorbere·

318 1488 394 1555 tur,
411 1488 458 1569 et
484 1465 520 1537 in
549 1486 662 1539 totum
689 1467 838 1563 periret,
864 1468 924 1540 sed
951 1488 990 1542 ut
1018 1468 1197 1555 evomitus-

316 1582 429 1680 magis
449 1582 677 1656 subiiceretut
698 1574 803 1684 Deo,
831 1605 864 1657 et
885 1588 963 1682 plus
983 1576 1191 1682 glorificaret

318 1715 422 1789 eum,
449 1700 509 1797 qui
535 1698 807 1796 insuperabilem
837 1703 979 1775 salutem
1010 1700 1043 1774 ei
1069 1702 1190 1785 donis·

318 1840 388 1890 set:
409 1817 462 1889 'stc
485 1838 519 1888 et
544 1816 589 1888 ab
609 1815 710 1889 initio
733 1816 800 1891 fuit
819 1817 957 1915 patiens
980 1813 1106 1917 Dens,
1132 1804 1190 1890 irb-

317 1934 448 2006 minem
470 1932 662 2006 absorberi
687 1960 709 2006 a
738 1958 868 2031 magno
899 1954 1001 2022 ceto,
1031 1932 1190 2042 ¹qni'fnit

318 2046 442 2124 auctor
472 2049 792 2149 praevaricationis,
831 2077 905 2123 non
937 2071 976 2137 ut
1005 2044 1190 2149 absorptus

316 2167 355 2239 in
382 2176 497 2240 to'tum'
523 2167 674 2263 periret,
700 2166 760 2239 fed
786 2162 1017 2265 praestruens,
1045 2158 1082 2241 ei
1109 2162 1188 2264 prae·

318 2308 446 2381 parans
476 2283 522 2355 ad
552 2281 794 2356 inventionem
824 2282 960 2371 salutis,
994 2308 1073 2380 quae
1104 2284 1189 2358 facta

318 2421 370 2476 est
395 2425 416 2472 a
440 2398 565 2472 V'er'bo
592 2426 656 2497 per
683 2400 821 2496 signum
844 2384 996 2473 Jonae.“‘

341 2663 344 2669 ”
381 2630 482 2704 Dum
504 2633 618 2706 adhuc
638 2633 674 2706 in
694 2660 797 2708 cruce
818 2633 989 2729 penderet
1010 2630 1186 2721 Christus,
1217 2654 1231 2705 ·.

313 2750 566 2822 subsannantes
592 2750 763 2846 petierant
787 2747 917 2821 Judaei:
956 2746 988 2820 Si·
1012 2778 1069 2821 rex
1098 2756 1193 2829 Israel.

314 2888 380 2952 est,
417 2875 576 2937 descendat
605 2896 682 2938 nunc
710 2878 751 2938 de.
772 2895 880 2950 cruce,
916 2886 947 2937 et
976 2876 1130 2938 credimus
1153 2854 1183 2939 et

272 3066 278 3077 Ι
312 2981 366 3054 At
386 2984 463 3076 plus
490 2980 598 3069 fecit,
634 2982 783 3083 seipsum
806 2983 866 3055 sua
888 2981 1017 3056 virtute
1044 2979 1186 3057 resusci-

311 3098 422 3187 tandp
445 3120 636 3187 mortuum.
696 3097 850 3188 Scimus,
885 3099 1006 3193 quales
1033 3096 1185 3194 apostoli

312 3215 708 3307 ante-resurrectionem
731 3216 895 3302 inerant,
922 3205 1088 3315 tempore
1116 3233 1191 3311 puts·¹

310 3332 418 3419 sionis
440 3331 650 3430 praesertim,
677 3328 913 3426 quamnmidi
933 3352 1059 3401 omnes
1084 3329 1192 3426 magi·

308 3469 416 3522 strum
437 3434 655 3533 deserentes;
675 3445 762 3540 quid
777 3445 900 3528 facturi
912 3444 1082 3537 fuissent¹
1102 3442 1184 3537 dum

309 3593 394 3652 eum¹
412 3561 738 3658 murteturpissima
758 3563 959 3636 damnatum
981 3556 1184 3653 cernebant,

307 3683 373 3755 nisi
408 3706 594 3774 resurgens
623 3680 775 3777 seipsum
807 3658 1192 3776 conspicnum'dedisss¹

306 3819 359 3870 set
382 3796 462 3893 ipsis
476 3797 497 3869 ἱ)-
530 3797 637 3869 Tota·
656 3797 848 3893 praesertim
876 3798 1032 3892 spectata
1058 3823 1183 3873 eorum

339 3939 370 4010 a)
387 3936 640 4002 trienninm*
653 3942 732 4001 aar..
745 3956 862 4014 rupto.
882 3961 908 4002 a.
929 3958 956 4000 r.
1053 3995 1056 4001 .
1076 3964 1087 3971 ··
