2602 4696
368 345 599 362 Π--Ἀ

20 485 92 555 tet,
118 460 216 564 ipse
233 459 361 538 iterato
384 462 628 537 contradicens
645 475 813 561 proterve
833 451 923 540 ass'e-
945 459 1065 527 0⁰⁸²

19 601 152 656 verat:
201 591 247 654 Et
266 593 295 654 si
319 609 419 653 omnes
431 565 648 669 scandalizati
663 589 788 672 suerint
806 596 839 656 in
864 604 920 672 te,
966 581 1047 638 ⁰³¹¹·
1091 569 1094 584 ¹

19 728 69 786 ego
92 725 276 793 nunquam
283 706 546 788 scandalizabor:
572 723 613 772 ac
633 699 772 796 quoties
797 725 835 773 se
856 699 1075 774 fac-’‘V'‘
1153 681 1156 688 ,

17 833 150 890 turum
184 834 310 911 negat,
336 814 440 888 toties
464 813 647 888 Christum
667 817 794 889 eadem
817 837 925 892 nocte

18 931 273 1030 pernegavit;
301 951 337 1004 at
361 956 449 1004 mox
471 933 595 1020 ctiam,
623 932 708 1006 dum
729 939 925 1009 conversus

19 1077 107 1123 eum
135 1049 340 1146 respiceret
363 1046 551 1138 christus,
574 1073 770 1126 conversus
793 1052 927 1150 etipse

23 1191 247 1262 agnoscens
276 1183 411 1238 reatum
440 1164 542 1239 flevit
571 1193 715 1255 amare,
755 1167 930 1244 hacteuus

24 1281 178 1356 efficaci
204 1280 336 1354 Christi
356 1281 395 1354 in
420 1280 517 1355 Petri
537 1282 642 1356 etiam
664 1286 928 1359 successoribus

25 1400 228 1487 oratione,
251 1419 293 1473 ut
314 1424 389 1472 non
412 1397 580 1474 deficeret
599 1401 689 1474 fides
709 1401 805 1476 Petri
822 1396 929 1504 supet

25 1543 147 1616 quarn
171 1515 337 1590 Christus
363 1517 553 1592 aedificavit
578 1518 774 1593 Ecclesiam
805 1521 928 1606 luam,

25 1633 280 1733 promisitque
307 1650 429 1732 portas
458 1633 562 1707 inferi
587 1661 662 1709 non
688 1635 931 1734 praevalituras

30 1753 219 1826 adversus
245 1776 346 1823 eam:
375 1751 461 1824 dum
489 1751 547 1824 hic
577 1751 795 1850 singulariter
815 1751 931 1826 icium

28 1868 133 1965 gitur
153 1868 285 1942 Petro:
308 1877 351 1940 Et
370 1889 406 1940 tu
424 1865 593 1963 aliquando
607 1899 769 1944 convotur
786 1878 932 1960 confirma

25 1994 158 2076 fratrer
191 2006 284 2072 tuos,
324 2009 387 2058 eos
418 2010 544 2058 omnes
575 1984 613 2057 in
641 1987 801 2061 Ecclesia
825 1989 934 2085 super,
1015 2055 1021 2063 ,

33 2123 186 2202 pettam
218 2101 426 2175 aedificatam
451 2101 668 2199 quibuscum
696 2128 734 2176 se
771 2105 948 2177 futurum.

33 2218 211 2317 promisit
234 2245 346 2315 usque
370 2219 416 2292 ad
438 2217 781 2292 consummationem
803 2218 930 2293 sacculi.

36 2337 216 2433 Cumque
234 2335 406 2410 'Ecclesia
440 2327 583 2410 Christi
606 2336 653 2409 ad
681 2356 811 2434 gentes
838 2351 933 2409 esset

1 2445 2 2458 ¹
37 2453 290 2528 transferenda
311 2453 430 2527 sedem
448 2453 512 2526 libi
528 2452 654 2527 Petrus
672 2440 844 2552 languine
864 2454 933 2526 luo

38 2569 78 2642 in
103 2569 268 2668 gentium
295 2569 489 2668 metropoli
517 2569 639 2643 Roma
667 2570 746 2644 orbi
768 2567 933 2666 gentium

41 2688 279 2774 dominante,
300 2687 419 2762 ablato
443 2707 529 2762 tunc
551 2690 691 2786 sceptro
716 2685 762 2760 de
781 2687 872 2760 Juda
890 2710 933 2760 ac

43 2809 158 2903 paulo
187 2823 273 2902 post
297 2804 494 2879 sanctuario
520 2803 720 2894 destructo,
749 2827 933 2877 consecra·

44 2921 120 3009 vit,
147 2923 186 2994 in
213 2945 318 2995 cruce
342 2919 430 2995 licut
449 2923 531 2996 suus
553 2923 719 3020 magister
742 2923 936 3019 suspensus

45 3058 160 3136 prout
196 3039 229 3112 ei
256 3037 480 3135 'praedixerat
518 3060 603 3138 post
637 3037 934 3113 resurrectionem

45 3157 147 3229 luam
182 3153 345 3245 Christus
378 3155 500 3238 solito,
516 3157 582 3229 luo
614 3181 817 3230 asseverans
847 3155 936 3241 iura·

48 3289 175 3345 mento
201 3267 260 3361 a):
296 3252 434 3357 Amen,¹
452 3296 542 3340 amen
566 3281 634 3342 dico
657 3280 732 3340 tibi.-
769 3295 838 3338 cum
857 3295 936 3342 esses

49 3400 153 3460 iunior
174 3396 315 3474 cingebar
338 3407 392 3475 tc,
425 3405 458 3460 et
479 3395 677 3474 ambulabas,
713 3393 766 3457 ubi
788 3393 934 3457 nolebas:

5 3557 7 3566 ,
51 3533 120 3577 cum
142 3524 249 3576 autem
261 3512 423 3594 senueris,
450 3515 593 3578 extendes
614 3531 725 3576 manus
750 3523 841 3594 tuor,
869 3501 889 3595 (
895 3501 934 3576 in

49 3617 187 3712 cruce)
208 3641 240 3692 ct
263 3629 344 3692 alius
361 3643 392 3693 te
416 3621 530 3709 cinget,
557 3643 589 3694 et
607 3632 718 3707 ducet,
730 3613 732 3616 ⁵
744 3647 806 3710 quo
823 3640 860 3690 tu
876 3614 937 3691 non

6 3727 8 3784 s
54 3752 104 3812 nis
126 3737 249 3833 (inter
269 3734 431 3833 gentes).
481 3747 547 3808 Hoc
567 3758 672 3808 cutem
696 3744 804 3822 dixit,
821 3740 939 3821 figrtifh

6 3867 12 3935 Ι
56 3881 146 3952 runs,
162 3883 227 3948 quo
243 3877 340 3929 morte
357 3857 794 3944 clarificaturusersetDcum.
823 3849 939 3926 Cuius
1055 3883 1060 3894 ·

88 3997 122 4074 a)
138 4000 188 4070 Jo.
208 3999 294 4070 XXI·
315 4009 358 4065 ιε.
