2474 4568
346 282 659 348 ’ΞΕ
932 309 980 381 ar

100 451 183 530 regni
217 451 377 515 eiicientur
408 451 443 511 in
474 451 610 513 tenebras
644 451 820 544 exteriores,
888 437 980 532 Quae
1009 433 1139 498 0³¹1?

100 558 277 656 ipsissima
301 557 414 630 verba
442 556 479 627 in
509 583 596 628 mox
625 558 783 655 sequenti
813 556 984 654 parabola
1024 553 1109 616 CXX·

102 677 147 749 de
159 676 294 772 nuptiis
311 669 351 764 a)
369 675 405 744 in
418 672 557 744 Judaeos
569 673 652 746 dicit
663 672 841 763 Christus,
857 673 981 761 sciens,
996 664 1137 733 *ΛΝ

104 816 180 890 quae
213 792 252 864 in
285 817 323 863 se
359 789 663 875 machinarentur,
700 808 736 862 et
768 791 982 886 propediem

102 907 227 983 facturi
251 927 387 993 essent,
409 892 543 1003 profert
566 907 612 978 de
631 904 776 978 homine
797 933 896 1004 rege,
919 906 983 1003 qui

102 1024 198 1098 misit
221 1027 342 1097 servos
365 1021 446 1095 suos
475 1048 604 1095 vocare
630 1022 796 1095 invitatos
824 1025 869 1096 ad
895 1051 984 1121 nup·

102 1142 184 1228 tias,
213 1161 326 1238 prout
348 1141 452 1236 lupra
475 1139 631 1212 vidimus
657 1140 781 1212 laetam
808 1140 983 1213 invitatio·

103 1285 183 1331 nem
205 1259 252 1330 ad
273 1283 410 1330 coennm
434 1270 608 1352 maguam.
668 1257 725 1341 Ac
748 1255 796 1329 illi
818 1257 981 1353 quidem,
1039 1280 1042 1289 ‘

103 1378 163 1471 qui
183 1393 285 1447 erant
303 1374 440 1447 invitati
460 1375 533 1446 lese
552 1392 829 1460 excusaverunt,
856 1374 983 1469 reliqui

95 1512 193 1565 tvero
218 1510 410 1564 tenuerunt
431 1492 551 1565 servos
575 1489 671 1577 eius,
699 1509 735 1563 et
760 1490 983 1565 contumeliis
1023 1560 1025 1568 ,

103 1609 248 1681 affectos
276 1606 492 1679 occiderunt
547 1617 612 1678 Rex
634 1623 761 1696 nutem,
788 1638 857 1680 cum
881 1618 985 1679 audis·

102 1749 168 1812 tet,
196 1737 300 1796 iratus
323 1746 386 1796 est:
412 1746 443 1795 et
468 1733 566 1796 missis
583 1714 765 1796 exercitibus
770 1732 861 1813 suis,
880 1735 984 1816 perdi·

102 1852 147 1914 dit
169 1850 344 1913 homicidos
369 1850 460 1927 illos,
488 1862 518 1912 et
539 1853 708 1915 civitatens
724 1850 845 1913 illorum
857 1851 984 1928 succen-

101 1970 156 2031 nt.
225 1956 337 2028 Vides
362 1954 420 2028 hic
446 1957 566 2028 omnia
594 1956 800 2054 explicatius
828 1959 986 2031 articula·

102 2076 245 2171 tiusque
270 2073 417 2160 haberi,
445 2097 524 2168 quac
554 2075 677 2145 urbem
702 2095 737 2146 et
761 2095 904 2169 gentem
927 2077 985 2168 lu·

101 2193 264 2265 daeorum
290 2209 474 2262 manerent
493 2191 581 2275 fata,
610 2211 715 2284 quam
739 2190 776 2260 in
800 2191 912 2286 priori
937 2192 983 2264 de
1067 2244 1073 2257 ,

100 2308 275 2394 vinitore,
302 2326 336 2380 et
355 2306 480 2380 vinea:
507 2305 544 2376 in
574 2330 644 2401 qua
670 2307 812 2401 quidem
841 2333 882 2379 ea
908 2335 985 2378 uar-

102 2445 247 2512 rnntur,
285 2449 363 2520 quae
394 2423 581 2519 usquead
616 2441 766 2494 mortem
796 2422 931 2496 Christi
964 2438 990 2496 a

101 2534 235 2617 ludatis
273 2561 372 2614 erant
409 2540 673 2636 perpetranda,
715 2539 984 2637 generatimque
1020 2615 1023 2624 ,

102 2660 235 2733 dicitur
264 2661 375 2747 malos
401 2660 491 2728 male
517 2657 745 2753 perdendos,
781 2678 818 2732 et
841 2659 983 2732 vineam

100 2776 293 2851 locandam
321 2773 394 2846 aliis
420 2773 607 2868 agricolis,
636 2775 814 2848 Gentibus
841 2803 982 2874 nempe:

102 2893 173 2998 liic
199 2918 312 2980 vero,
348 2890 448 2987 quod
474 2917 540 2964 nos
568 2916 664 2964 nunc
692 2892 836 2980 attinet,
871 2921 984 2991 porro

106 3008 326 3106 explicatur:
362 3036 435 3081 non
470 3033 594 3080 omnes
625 3035 752 3106 nempe
784 3036 829 3082 ex
858 3012 985 3085 his-ad

104 3125 248 3224 nuptias
260 3145 413 3200 <vocatos
439 3126 554 3199 salvos
575 3124 672 3211 lort3
700 3127 760 3200 led
783 3129 985 3215 hominem,
1031 3211 1036 3227 Ι

101 3244 169 3342 qui
191 3242 313 3325 adesse
340 3257 415 3314 'n'on
440 3260 582 3313 veretur
609 3267 684 3312 non
710 3243 855 3314 vestitus
884 3256 985 3317 veste

102 3359 276 3459 nuptiali,
301 3359 416 3455 ligatis
438 3358 601 3430 manibus
624 3379 659 3432 et
676 3343 985 3456 pedibusmitten·

103 3479 192 3552 dum
212 3478 249 3549 in
270 3476 433 3549 tenebras
458 3475 676 3564 exteriores,
701 3476 764 3548 ubi
790 3475 854 3550 erit
876 3475 984 3551 fletus

102 3614 139 3670 et
159 3577 291 3668 ¹stridor
317 3595 486 3666 dentium.
549 3593 759 3675 Tremenda
781 3593 886 3666 nobis
911 3611 984 3682 est,

100 3737 182 3811 quae
205 3731 390 3811 postremo
412 3710 553 3783 additur
570 3710 763 3785 sernentiat
786 3718 887 3784 Mun
904 3722 994 3784 enim>

94 3840 184 3920 fient.
198 3842 309 3903 vocati
319 3886 328 3916 ‚
351 3841 448 3919 punct·
474 3855 549 3900 vato
573 3838 671 3902 electi,

136 3976 169 4048 a)
186 3980 292 4039 Merula.
315 3975 417 4032 XXII.
437 3990 463 4044 9.
