2474 4568
251 278 809 373 s-·---···-'-·-!

108 438 225 504 cunr
251 443 468 517 henderetur
492 441 538 514 ad
563 441 765 539 passionem
794 460 830 515 et
852 461 1026 516 mortem:
1055 465 1135 540 quae

132 560 205 616 ⁰¹³(-
253 562 375 636 omnia
408 560 586 657 discipulis
621 586 696 632 non
729 560 834 633 semel
869 583 999 648 antea,
1035 586 1135 634 nunc

97 677 340 754 ΜΝνεῐο
360 678 395 750 in
415 678 486 750 hoc
508 697 691 774 postremo
710 675 834 753 itinere
848 678 1016 772 ¹omnium
1036 703 1136 774 aper·

250 797 381 876 tissime
420 813 457 868 et
495 793 705 869 articulatim
745 793 909 891 praedixit
941 791 1007 886 a):
1059 805 1136 867 Ecce

253 925 445 992 ascendimus
479 922 745 1008 Hierosolymam,
784 933 816 990 et
847 923 1137 990 consummabuntur

253 1045 383 1118 omnia,
410 1056 475 1123 qua
488 1037 613 1119 scripta
624 1035 704 1116 sunt
722 1056 781 1119 per
801 1039 970 1120 prophetas
993 1010 1031 1103 de
1054 1039 1136 1116 Filio

254 1158 397 1227 nominis,
460 1154 612 1218 Tradetur
632 1158 709 1222 enim
728 1155 886 1235 gentibus,
919 1167 950 1218 et
970 1156 1136 1235 illudetur,

255 1287 290 1341 et
302 1272 533 1352 flagellabitur,
559 1284 590 1337 et
612 1284 817 1352 conspuetur.-
844 1285 875 1338 et
890 1285 1061 1360 postquam
1074 1277 1139 1349 fla·

252 1391 457 1472 gestaverint,
483 1389 621 1455 occident
644 1407 731 1465 eum,
759 1401 791 1451 et
811 1392 905 1454 tertia
923 1391 972 1456 die
990 1400 1137 1466 resurget.

258 1507 302 1568 Et
319 1509 380 1587 ipsi
401 1506 480 1572 nihil
496 1505 605 1571 dorum
623 1505 855 1583 intedexerunm
878 1518 908 1568 et
924 1519 993 1572 erat
1010 1506 1139 1568 verbum

256 1624 346 1691 istud
369 1622 577 1689 absconditum
600 1622 640 1689 ab
664 1625 735 1698 eis,
768 1634 799 1684 et
824 1641 883 1684 non
907 1622 1139 1700 intelligebant,

259 1757 326 1823 qua
357 1739 544 1803 dicebantur.
610 1727 754 1821 Quodsi
787 1755 876 1803 vero
908 1730 984 1808 haec
1017 1728 1166 1800 omnin.

258 1845 459 1942 singillatim
487 1846 763 1933 intellexissent,
799 1867 934 1942 quanto
957 1845 1075 1925 studio
1106 1842 1168 1918 et¹

258 1963 491 2044 contentione
511 1963 627 2060 ipsum
651 1983 810 2035 avertere
830 1964 949 2035 conati
965 1962 1141 2039 tuissent?

256 2078 312 2152 At
329 2081 404 2176 ipse
428 2080 481 2155 his
502 2080 669 2153 omnibus
688 2080 840 2182 cognitis
850 2137 863 2168 „
889 2098 925 2155 et
941 2080 990 2153 ob
1013 2082 1141 2152 oculos

255 2197 480 2270 versantibus
496 2208 615 2291 faciem
631 2205 730 2286 suam
750 2206 919 2284 firmavit,
960 2219 995 2271 ut
1019 2210 1080 2299 iret
1109 2209 1143 2268 in

254 2323 438 2399 Jerusalem.
505 2314 553 2393 Et
587 2334 626 2387 ut
659 2333 778 2402 narrat
815 2315 965 2391 Marcus
995 2313 1045 2390 X.
1082 2337 1139 2401 32.

257 2441 359 2504 Erant
378 2455 483 2504 autem
503 2444 536 2502 in
555 2445 613 2503 nia
632 2442 823 2509 ostendentes
842 2441 1089 2526 Jerosolymam:
1112 2449 1144 2502 et

251 2559 441 2640 procedebat
453 2558 522 2619 illos
533 2557 641 2635 Jesus,
657 2555 858 2648 etstupebant
867 2581 877 2617 .·
886 2571 924 2624 fiet
925 2557 1091 2640 sequentes
1103 2559 1145 2619 ti·

156 2732 159 2737 .
257 2675 389 2739 mebant.
417 2675 459 2741 Et
477 2692 630 2739 assumens
647 2677 760 2736 iterum
777 2676 954 2753 duodecim,
973 2678 1064 2756 capit
1079 2675 1144 2738 iliis

255 2791 375 2866 dicere,
402 2806 465 2871 que
486 2802 582 2862 ¹essent
605 2793 634 2851 ei
656 2802 827 2852 eventura.-
854 2792 936 2875 Quio
954 2811 1018 2855 ecce
1039 2790 1144 2856 ascen·

219 2945 221 2948 ⁴
256 2908 359 2970 dimus
381 2905 624 2988 Hierosolymam
645 2919 702 2969 ete.
755 2896 868 2970 Vides
888 2898 947 2971 hic
974 2919 1143 2973 notanter

256 3014 349 3119 (licis
391 3023 431 3084 Et
451 3023 639 3104 procedebat
668 3024 735 3085 illos
761 3025 874 3101 Jesus‚
901 3037 932 3087 et
947 3022 1141 3106 stupebant:

216 3172 218 3177 ·
256 3153 288 3205 ct
309 3141 468 3211 timebant.
518 3129 860 3208 Animadverterant
879 3131 985 3228 igitur
1007 3133 1143 3229 aliquid

257 3247 433 3343 fingulare
459 3247 495 3319 in
522 3249 649 3322 ardore
674 3251 923 3347 praecedendi,
962 3269 997 3324 et
1024 3250 1144 3348 stupe·

259 3363 349 3448 bant
372 3384 407 3446 et
428 3365 608 3446 timebant.

330 3598 596 3678 Referunthuc
615 3598 966 3700 interpretes,·quod
986 3600 1054 3675 iam
1075 3629 1142 3677 no-

258 3736 333 3798 tato
357 3742 434 3819 cap.
461 3718 528 3797 lx,
553 3744 587 3790 v.
617 3742 673 3812 52.
704 3723 800 3818 apud
825 3721 957 3794 Lucam
983 3721 1138 3817 legitur:

215 3898 217 3905 .
257 3845 300 3915 Et
317 3847 403 3911 misit
420 3847 544 3906 nuncios
562 3859 634 3912 ante
652 3861 841 3928 conspectum
848 3847 963 3925 suum:
985 3862 1016 3912 et
1033 3863 1139 3912 euntes

291 3977 324 4062 s)
341 3981 405 4054 Luc.
423 3982 541 4045 XVIII.
558 3995 602 4055 31.
638 3985 741 4040 Mart.
762 3985 828 4040 XX.
849 3998 890 4054 17.
926 3986 1018 4042 Marc.
1036 3987 1073 4044 Χ.
1092 4000 1135 4056 32·
