<?xml version="1.0" encoding="UTF-8"?>
<!DOCTYPE html PUBLIC "-//W3C//DTD XHTML 1.0 Transitional//EN"
    "http://www.w3.org/TR/xhtml1/DTD/xhtml1-transitional.dtd">
<html xmlns="http://www.w3.org/1999/xhtml" xml:lang="en" lang="en">
 <head>
  <title>
</title>
<meta http-equiv="Content-Type" content="text/html;charset=utf-8" />
  <meta name='ocr-system' content='tesseract 3.04.00' />
  <meta name='ocr-capabilities' content='ocr_page ocr_carea ocr_par ocr_line ocrx_word'/>
</head>
<body>
  <div class='ocr_page' id='page_1' title='image "./desublimiinevan03gerbgoog_0210.png"; bbox 0 0 2474 4568; ppageno 0'>
   <div class='ocr_carea' id='block_1_1' title="bbox 368 313 598 328">
    <p class='ocr_par' dir='ltr' id='par_1_1' title="bbox 368 313 598 328">
     <span class='ocr_line' id='line_1_1' title="bbox 368 313 598 328; baseline 0 -2"><span class='ocrx_word' id='word_1_1' title='bbox 368 313 598 328; x_wconf 56' lang='grc' dir='ltr'>*ιι-</span> 
     </span>
    </p>
   </div>
   <div class='ocr_carea' id='block_1_2' title="bbox 843 275 924 368">
    <p class='ocr_par' dir='ltr' id='par_1_2' title="bbox 843 275 924 368">
     <span class='ocr_line' id='line_1_2' title="bbox 843 275 924 368; baseline -0.025 -16"><span class='ocrx_word' id='word_1_2' title='bbox 843 275 924 368; x_wconf 62' lang='lat' dir='ltr'>a‘off&#39;</span> 
     </span>
    </p>
   </div>
   <div class='ocr_carea' id='block_1_3' title="bbox 10 424 1088 3922">
    <p class='ocr_par' dir='ltr' id='par_1_3' title="bbox 10 424 1088 3922">
     <span class='ocr_line' id='line_1_3' title="bbox 44 424 1066 525; baseline 0.001 -24"><span class='ocrx_word' id='word_1_3' title='bbox 44 428 108 502; x_wconf 82' lang='lat' dir='ltr'>fint</span> <span class='ocrx_word' id='word_1_4' title='bbox 128 447 278 524; x_wconf 86' lang='lat' dir='ltr'>prorsus</span> <span class='ocrx_word' id='word_1_5' title='bbox 300 426 466 513; x_wconf 83' lang='lat' dir='ltr'>diversae,</span> <span class='ocrx_word' id='word_1_6' title='bbox 486 446 521 497; x_wconf 89' lang='lat' dir='ltr'>et</span> <span class='ocrx_word' id='word_1_7' title='bbox 541 430 638 498; x_wconf 88' lang='lat' dir='ltr'>nulla</span> <span class='ocrx_word' id='word_1_8' title='bbox 654 427 746 500; x_wconf 85' lang='lat' dir='ltr'>lorte</span> <span class='ocrx_word' id='word_1_9' title='bbox 766 442 812 500; x_wconf 79' lang='lat' dir='ltr'>ex</span> <span class='ocrx_word' id='word_1_10' title='bbox 830 432 925 525; x_wconf 66' lang='lat' dir='ltr'>prins</span> <span class='ocrx_word' id='word_1_11' title='bbox 951 424 1066 488; x_wconf 64' lang='lat' dir='ltr'>clm</span> 
     </span>
     <span class='ocr_line' id='line_1_4' title="bbox 43 540 1088 640; baseline -0.002 -20"><span class='ocrx_word' id='word_1_12' title='bbox 43 547 139 620; x_wconf 87' lang='lat' dir='ltr'>ribus</span> <span class='ocrx_word' id='word_1_13' title='bbox 174 547 302 618; x_wconf 87' lang='lat' dir='ltr'>existat</span> <span class='ocrx_word' id='word_1_14' title='bbox 337 546 557 640; x_wconf 76' lang='lat' dir='ltr'>superstes-‘⁶</span> <span class='ocrx_word' id='word_1_15' title='bbox 634 544 724 637; x_wconf 84' lang='lat' dir='ltr'>Quae</span> <span class='ocrx_word' id='word_1_16' title='bbox 763 544 851 619; x_wconf 89' lang='lat' dir='ltr'>ratio</span> <span class='ocrx_word' id='word_1_17' title='bbox 886 540 1088 618; x_wconf 68' lang='lat' dir='ltr'>incxxxvt.</span> 
     </span>
     <span class='ocr_line' id='line_1_5' title="bbox 44 656 1078 763; baseline 0 -28"><span class='ocrx_word' id='word_1_18' title='bbox 44 662 189 736; x_wconf 90' lang='lat' dir='ltr'>Christo</span> <span class='ocrx_word' id='word_1_19' title='bbox 215 660 301 734; x_wconf 91' lang='lat' dir='ltr'>Deo</span> <span class='ocrx_word' id='word_1_20' title='bbox 324 680 359 733; x_wconf 92' lang='lat' dir='ltr'>et</span> <span class='ocrx_word' id='word_1_21' title='bbox 384 656 529 763; x_wconf 79' lang='lat' dir='ltr'>homine·</span> <span class='ocrx_word' id='word_1_22' title='bbox 550 665 664 733; x_wconf 89' lang='lat' dir='ltr'>multo</span> <span class='ocrx_word' id='word_1_23' title='bbox 693 663 1078 737; x_wconf 45' lang='lat' dir='ltr'>manifestissifflar*</span> 
     </span>
     <span class='ocr_line' id='line_1_6' title="bbox 11 769 1067 878; baseline 0 -24"><span class='ocrx_word' id='word_1_24' title='bbox 11 788 98 854; x_wconf 81' lang='lat' dir='ltr'>&#39;&#39;ma</span> <span class='ocrx_word' id='word_1_25' title='bbox 119 801 192 868; x_wconf 87' lang='lat' dir='ltr'>est</span> <span class='ocrx_word' id='word_1_26' title='bbox 221 778 339 852; x_wconf 88' lang='lat' dir='ltr'>dum</span> <span class='ocrx_word' id='word_1_27' title='bbox 328 805 376 849; x_wconf 81' lang='lat' dir='ltr'>in</span> <span class='ocrx_word' id='word_1_28' title='bbox 387 797 431 850; x_wconf 92' lang='lat' dir='ltr'>eo</span> <span class='ocrx_word' id='word_1_29' title='bbox 454 769 607 850; x_wconf 82' lang='lat' dir='ltr'>bumana</span> <span class='ocrx_word' id='word_1_30' title='bbox 631 800 755 852; x_wconf 91' lang='lat' dir='ltr'>natura</span> <span class='ocrx_word' id='word_1_31' title='bbox 779 783 925 878; x_wconf 73' lang='lat' dir='ltr'>propria</span> <span class='ocrx_word' id='word_1_32' title='bbox 1066 794 1067 797; x_wconf 74' lang='grc'>’</span> 
     </span>
     <span class='ocr_line' id='line_1_7' title="bbox 41 895 922 974; baseline -0.002 0"><span class='ocrx_word' id='word_1_33' title='bbox 41 896 261 974; x_wconf 81' lang='lat' dir='ltr'>subsistentia</span> <span class='ocrx_word' id='word_1_34' title='bbox 282 923 403 970; x_wconf 88' lang='lat' dir='ltr'>carens</span> <span class='ocrx_word' id='word_1_35' title='bbox 426 895 607 968; x_wconf 81' lang='lat' dir='ltr'>subsistit</span> <span class='ocrx_word' id='word_1_36' title='bbox 598 924 635 967; x_wconf 91' lang='lat' dir='ltr'>1n</span> <span class='ocrx_word' id='word_1_37' title='bbox 649 897 774 970; x_wconf 90' lang='lat' dir='ltr'>Verbo</span> <span class='ocrx_word' id='word_1_38' title='bbox 796 899 922 973; x_wconf 91' lang='lat' dir='ltr'>divino</span> 
     </span>
     <span class='ocr_line' id='line_1_8' title="bbox 45 1005 924 1112; baseline 0.002 -24"><span class='ocrx_word' id='word_1_39' title='bbox 45 1036 148 1112; x_wconf 82' lang='lat' dir='ltr'>atquo</span> <span class='ocrx_word' id='word_1_40' title='bbox 181 1041 291 1087; x_wconf 91' lang='lat' dir='ltr'>unum</span> <span class='ocrx_word' id='word_1_41' title='bbox 323 1013 488 1109; x_wconf 85' lang='lat' dir='ltr'>idemque¹</span> <span class='ocrx_word' id='word_1_42' title='bbox 519 1005 647 1086; x_wconf 83' lang='lat' dir='ltr'>sistitur</span> <span class='ocrx_word' id='word_1_43' title='bbox 682 1042 727 1089; x_wconf 87' lang='lat' dir='ltr'>ex</span> <span class='ocrx_word' id='word_1_44' title='bbox 762 1043 854 1112; x_wconf 90' lang='lat' dir='ltr'>pane</span> <span class='ocrx_word' id='word_1_45' title='bbox 879 1037 924 1090; x_wconf 85' lang='lat' dir='ltr'>et</span> 
     </span>
     <span class='ocr_line' id='line_1_9' title="bbox 45 1123 923 1230; baseline -0.002 -22"><span class='ocrx_word' id='word_1_46' title='bbox 45 1131 125 1208; x_wconf 85' lang='lat' dir='ltr'>vino</span> <span class='ocrx_word' id='word_1_47' title='bbox 151 1123 519 1204; x_wconf 83' lang='lat' dir='ltr'>transsubstantiatum</span> <span class='ocrx_word' id='word_1_48' title='bbox 538 1157 669 1228; x_wconf 89' lang='lat' dir='ltr'>corpus</span> <span class='ocrx_word' id='word_1_49' title='bbox 692 1133 824 1206; x_wconf 85' lang='lat' dir='ltr'>Christi</span> <span class='ocrx_word' id='word_1_50' title='bbox 847 1135 923 1230; x_wconf 89' lang='lat' dir='ltr'>qui-</span> 
     </span>
     <span class='ocr_line' id='line_1_10' title="bbox 45 1243 922 1348; baseline 0.003 -26"><span class='ocrx_word' id='word_1_51' title='bbox 45 1248 252 1343; x_wconf 90' lang='lat' dir='ltr'>buscunque</span> <span class='ocrx_word' id='word_1_52' title='bbox 281 1243 444 1322; x_wconf 89' lang='lat' dir='ltr'>locorum</span> <span class='ocrx_word' id='word_1_53' title='bbox 476 1266 536 1321; x_wconf 88' lang='lat' dir='ltr'>aut</span> <span class='ocrx_word' id='word_1_54' title='bbox 568 1268 770 1347; x_wconf 88' lang='lat' dir='ltr'>temporum</span> <span class='ocrx_word' id='word_1_55' title='bbox 801 1251 922 1348; x_wconf 87' lang='lat' dir='ltr'>(quo-</span> 
     </span>
     <span class='ocr_line' id='line_1_11' title="bbox 46 1357 946 1471; baseline 0.008 -36"><span class='ocrx_word' id='word_1_56' title='bbox 46 1393 116 1447; x_wconf 78' lang='lat' dir='ltr'>rum</span> <span class='ocrx_word' id='word_1_57' title='bbox 144 1365 246 1461; x_wconf 93' lang='lat' dir='ltr'>quod</span> <span class='ocrx_word' id='word_1_58' title='bbox 272 1363 395 1437; x_wconf 80' lang='lat' dir='ltr'>attinet</span> <span class='ocrx_word' id='word_1_59' title='bbox 420 1357 642 1454; x_wconf 69' lang='lat' dir='ltr'>distantiam,</span> <span class='ocrx_word' id='word_1_60' title='bbox 676 1361 774 1440; x_wconf 89' lang='lat' dir='ltr'>haud</span> <span class='ocrx_word' id='word_1_61' title='bbox 800 1369 946 1471; x_wconf 33' lang='lat' dir='ltr'>dispas,</span> 
     </span>
     <span class='ocr_line' id='line_1_12' title="bbox 48 1478 922 1580; baseline 0.005 -26"><span class='ocrx_word' id='word_1_62' title='bbox 48 1502 92 1555; x_wconf 89' lang='lat' dir='ltr'>est</span> <span class='ocrx_word' id='word_1_63' title='bbox 112 1482 161 1554; x_wconf 86' lang='lat' dir='ltr'>ad</span> <span class='ocrx_word' id='word_1_64' title='bbox 187 1507 258 1554; x_wconf 92' lang='lat' dir='ltr'>rem</span> <span class='ocrx_word' id='word_1_65' title='bbox 283 1478 404 1580; x_wconf 83' lang='lat' dir='ltr'>ratio)</span> <span class='ocrx_word' id='word_1_66' title='bbox 433 1481 626 1556; x_wconf 77' lang='lat' dir='ltr'>intervallis·</span> <span class='ocrx_word' id='word_1_67' title='bbox 654 1485 715 1558; x_wconf 86' lang='lat' dir='ltr'>fiat</span> <span class='ocrx_word' id='word_1_68' title='bbox 738 1503 922 1559; x_wconf 86' lang='lat' dir='ltr'>consecra·</span> 
     </span>
     <span class='ocr_line' id='line_1_13' title="bbox 47 1594 921 1696; baseline 0.005 -26"><span class='ocrx_word' id='word_1_69' title='bbox 47 1599 113 1688; x_wconf 85' lang='lat' dir='ltr'>tio,</span> <span class='ocrx_word' id='word_1_70' title='bbox 149 1599 234 1696; x_wconf 92' lang='lat' dir='ltr'>quin</span> <span class='ocrx_word' id='word_1_71' title='bbox 268 1616 424 1696; x_wconf 69' lang='lat' dir='ltr'>corpus,</span> <span class='ocrx_word' id='word_1_72' title='bbox 464 1594 563 1696; x_wconf 93' lang='lat' dir='ltr'>quod</span> <span class='ocrx_word' id='word_1_73' title='bbox 594 1594 667 1673; x_wconf 88' lang='lat' dir='ltr'>eius</span> <span class='ocrx_word' id='word_1_74' title='bbox 699 1622 830 1675; x_wconf 84' lang='lat' dir='ltr'>naturae</span> <span class='ocrx_word' id='word_1_75' title='bbox 861 1604 921 1674; x_wconf 86' lang='lat' dir='ltr'>ad·</span> 
     </span>
     <span class='ocr_line' id='line_1_14' title="bbox 19 1717 922 1847; baseline 0.003 -59"><span class='ocrx_word' id='word_1_76' title='bbox 19 1760 22 1765; x_wconf 93' lang='lat'><em>·</em></span> <span class='ocrx_word' id='word_1_77' title='bbox 48 1737 217 1803; x_wconf 86' lang='lat' dir='ltr'>versatur,</span> <span class='ocrx_word' id='word_1_78' title='bbox 244 1717 409 1847; x_wconf 77' lang='lat' dir='ltr'>replicet,</span> <span class='ocrx_word' id='word_1_79' title='bbox 436 1734 497 1788; x_wconf 84' lang='lat' dir='ltr'>aut</span> <span class='ocrx_word' id='word_1_80' title='bbox 526 1743 581 1789; x_wconf 86' lang='lat' dir='ltr'>res</span> <span class='ocrx_word' id='word_1_81' title='bbox 608 1717 766 1815; x_wconf 90' lang='lat' dir='ltr'>implicet</span> <span class='ocrx_word' id='word_1_82' title='bbox 776 1759 790 1806; x_wconf 92' lang='lat'>,·</span> <span class='ocrx_word' id='word_1_83' title='bbox 814 1745 922 1815; x_wconf 85' lang='lat' dir='ltr'>quam</span> 
     </span>
     <span class='ocr_line' id='line_1_15' title="bbox 10 1828 920 1933; baseline 0.004 -26"><span class='ocrx_word' id='word_1_84' title='bbox 10 1854 17 1867; x_wconf 53' lang='lat'><em>³</em></span> <span class='ocrx_word' id='word_1_85' title='bbox 48 1828 299 1930; x_wconf 87' lang='lat' dir='ltr'>quotidiano</span> <span class='ocrx_word' id='word_1_86' title='bbox 284 1857 328 1905; x_wconf 88' lang='lat' dir='ltr'>rn</span> <span class='ocrx_word' id='word_1_87' title='bbox 371 1833 633 1930; x_wconf 82' lang='lat' dir='ltr'>nobismetipsis</span> <span class='ocrx_word' id='word_1_88' title='bbox 674 1835 920 1933; x_wconf 86' lang='lat' dir='ltr'>experimento</span> 
     </span>
     <span class='ocr_line' id='line_1_16' title="bbox 51 1944 920 2062; baseline 0.005 -38"><span class='ocrx_word' id='word_1_89' title='bbox 51 1970 272 2026; x_wconf 84' lang='lat' dir='ltr'>contestatam</span> <span class='ocrx_word' id='word_1_90' title='bbox 310 1944 506 2038; x_wconf 84' lang='lat' dir='ltr'>babemus;</span> <span class='ocrx_word' id='word_1_91' title='bbox 545 1971 585 2023; x_wconf 91' lang='lat' dir='ltr'>ut</span> <span class='ocrx_word' id='word_1_92' title='bbox 618 1954 920 2062; x_wconf 85' lang='lat' dir='ltr'>quemadmodum</span> 
     </span>
     <span class='ocr_line' id='line_1_17' title="bbox 50 2056 978 2164; baseline 0.003 -24"><span class='ocrx_word' id='word_1_93' title='bbox 50 2068 141 2164; x_wconf 86' lang='lat' dir='ltr'>panis</span> <span class='ocrx_word' id='word_1_94' title='bbox 184 2089 219 2142; x_wconf 90' lang='lat' dir='ltr'>et</span> <span class='ocrx_word' id='word_1_95' title='bbox 256 2060 384 2142; x_wconf 81' lang='lat' dir='ltr'>vinum</span> <span class='ocrx_word' id='word_1_96' title='bbox 422 2068 461 2139; x_wconf 92' lang='lat' dir='ltr'>in</span> <span class='ocrx_word' id='word_1_97' title='bbox 499 2088 656 2140; x_wconf 88' lang='lat' dir='ltr'>nostram</span> <span class='ocrx_word' id='word_1_98' title='bbox 694 2056 922 2143; x_wconf 82' lang='lat' dir='ltr'>substantiam</span> <span class='ocrx_word' id='word_1_99' title='bbox 976 2107 978 2112; x_wconf 31' lang='lat' dir='ltr'>v</span> 
     </span>
     <span class='ocr_line' id='line_1_18' title="bbox 51 2177 923 2283; baseline 0.001 -25"><span class='ocrx_word' id='word_1_100' title='bbox 51 2203 341 2272; x_wconf 86' lang='lat' dir='ltr'>transmutantur,</span> <span class='ocrx_word' id='word_1_101' title='bbox 379 2185 426 2257; x_wconf 93' lang='lat' dir='ltr'>ita</span> <span class='ocrx_word' id='word_1_102' title='bbox 452 2186 489 2256; x_wconf 90' lang='lat' dir='ltr'>in</span> <span class='ocrx_word' id='word_1_103' title='bbox 513 2177 734 2258; x_wconf 86' lang='lat' dir='ltr'>Eucharistia</span> <span class='ocrx_word' id='word_1_104' title='bbox 759 2185 858 2283; x_wconf 85' lang='lat' dir='ltr'>panis</span> <span class='ocrx_word' id='word_1_105' title='bbox 887 2206 923 2259; x_wconf 89' lang='lat' dir='ltr'>et</span> 
     </span>
     <span class='ocr_line' id='line_1_19' title="bbox 50 2294 983 2400; baseline -0.002 -24"><span class='ocrx_word' id='word_1_106' title='bbox 50 2297 213 2376; x_wconf 84' lang='lat' dir='ltr'>vinum</span> <span class='ocrx_word' id='word_1_107' title='bbox 202 2322 242 2374; x_wconf 89' lang='lat' dir='ltr'>m</span> <span class='ocrx_word' id='word_1_108' title='bbox 279 2318 408 2400; x_wconf 86' lang='lat' dir='ltr'>corpus</span> <span class='ocrx_word' id='word_1_109' title='bbox 442 2323 477 2375; x_wconf 87' lang='lat' dir='ltr'>et</span> <span class='ocrx_word' id='word_1_110' title='bbox 515 2294 721 2398; x_wconf 85' lang='lat' dir='ltr'>sanguinem</span> <span class='ocrx_word' id='word_1_111' title='bbox 760 2302 921 2375; x_wconf 87' lang='lat' dir='ltr'>Christi.</span> <span class='ocrx_word' id='word_1_112' title='bbox 980 2342 983 2351; x_wconf 96' lang='lat'><em>·</em></span> 
     </span>
     <span class='ocr_line' id='line_1_20' title="bbox 50 2419 924 2517; baseline -0.001 -25"><span class='ocrx_word' id='word_1_113' title='bbox 50 2421 161 2506; x_wconf 84' lang='lat' dir='ltr'>„Non</span> <span class='ocrx_word' id='word_1_114' title='bbox 185 2439 251 2517; x_wconf 88' lang='lat' dir='ltr'>per</span> <span class='ocrx_word' id='word_1_115' title='bbox 273 2419 563 2515; x_wconf 83' lang='lat' dir='ltr'>generationem,</span> <span class='ocrx_word' id='word_1_116' title='bbox 591 2442 630 2493; x_wconf 91' lang='lat' dir='ltr'>ut</span> <span class='ocrx_word' id='word_1_117' title='bbox 652 2420 770 2492; x_wconf 87' lang='lat' dir='ltr'>verbis</span> <span class='ocrx_word' id='word_1_118' title='bbox 793 2420 924 2492; x_wconf 82' lang='lat' dir='ltr'>Bellat-</span> 
     </span>
     <span class='ocr_line' id='line_1_21' title="bbox 50 2534 924 2634; baseline 0 -25"><span class='ocrx_word' id='word_1_119' title='bbox 50 2537 129 2609; x_wconf 90' lang='lat' dir='ltr'>nini</span> <span class='ocrx_word' id='word_1_120' title='bbox 149 2557 228 2610; x_wconf 91' lang='lat' dir='ltr'>utar</span> <span class='ocrx_word' id='word_1_121' title='bbox 250 2534 309 2626; x_wconf 85' lang='lat' dir='ltr'>a),</span> <span class='ocrx_word' id='word_1_122' title='bbox 333 2564 407 2608; x_wconf 87' lang='lat' dir='ltr'>non</span> <span class='ocrx_word' id='word_1_123' title='bbox 426 2564 491 2634; x_wconf 86' lang='lat' dir='ltr'>per</span> <span class='ocrx_word' id='word_1_124' title='bbox 513 2557 649 2609; x_wconf 88' lang='lat' dir='ltr'>motum</span> <span class='ocrx_word' id='word_1_125' title='bbox 669 2540 835 2622; x_wconf 87' lang='lat' dir='ltr'>localem,</span> <span class='ocrx_word' id='word_1_126' title='bbox 861 2537 924 2609; x_wconf 83' lang='lat' dir='ltr'>sed</span> 
     </span>
     <span class='ocr_line' id='line_1_22' title="bbox 50 2654 1016 2752; baseline 0.004 -26"><span class='ocrx_word' id='word_1_127' title='bbox 50 2679 113 2749; x_wconf 90' lang='lat' dir='ltr'>per</span> <span class='ocrx_word' id='word_1_128' title='bbox 132 2656 406 2729; x_wconf 87' lang='lat' dir='ltr'>conversionem</span> <span class='ocrx_word' id='word_1_129' title='bbox 432 2656 534 2752; x_wconf 85' lang='lat' dir='ltr'>panis</span> <span class='ocrx_word' id='word_1_130' title='bbox 561 2655 598 2725; x_wconf 91' lang='lat' dir='ltr'>in</span> <span class='ocrx_word' id='word_1_131' title='bbox 611 2654 750 2751; x_wconf 89' lang='lat' dir='ltr'>ipsum.</span> <span class='ocrx_word' id='word_1_132' title='bbox 763 2657 785 2692; x_wconf 85' lang='lat'>“</span> <span class='ocrx_word' id='word_1_133' title='bbox 832 2655 926 2728; x_wconf 83' lang='lat' dir='ltr'>Ad·</span> <span class='ocrx_word' id='word_1_134' title='bbox 1014 2719 1016 2730; x_wconf 91' lang='lat'><em>.</em></span> 
     </span>
     <span class='ocr_line' id='line_1_23' title="bbox 51 2765 929 2847; baseline 0.008 -7"><span class='ocrx_word' id='word_1_135' title='bbox 51 2771 141 2844; x_wconf 85' lang='lat' dir='ltr'>hibet</span> <span class='ocrx_word' id='word_1_136' title='bbox 167 2772 225 2843; x_wconf 89' lang='lat' dir='ltr'>hic</span> <span class='ocrx_word' id='word_1_137' title='bbox 249 2772 280 2844; x_wconf 88' lang='lat' dir='ltr'>S.</span> <span class='ocrx_word' id='word_1_138' title='bbox 309 2773 461 2845; x_wconf 85' lang='lat' dir='ltr'>Irenaeus</span> <span class='ocrx_word' id='word_1_139' title='bbox 486 2776 507 2844; x_wconf 92' lang='lat' dir='ltr'>l.</span> <span class='ocrx_word' id='word_1_140' title='bbox 533 2800 562 2844; x_wconf 72' lang='lat' dir='ltr'>c.v</span> <span class='ocrx_word' id='word_1_141' title='bbox 586 2773 694 2844; x_wconf 83' lang='lat' dir='ltr'>obvia</span> <span class='ocrx_word' id='word_1_142' title='bbox 715 2765 760 2845; x_wconf 95' lang='lat' dir='ltr'>ad</span> <span class='ocrx_word' id='word_1_143' title='bbox 783 2798 855 2845; x_wconf 88' lang='lat' dir='ltr'>rem</span> <span class='ocrx_word' id='word_1_144' title='bbox 878 2773 929 2847; x_wconf 86' lang='lat' dir='ltr'>de.</span> 
     </span>
     <span class='ocr_line' id='line_1_24' title="bbox 51 2887 924 2986; baseline 0.003 -27"><span class='ocrx_word' id='word_1_145' title='bbox 51 2887 114 2959; x_wconf 87' lang='lat' dir='ltr'>vite</span> <span class='ocrx_word' id='word_1_146' title='bbox 142 2908 177 2961; x_wconf 91' lang='lat' dir='ltr'>et</span> <span class='ocrx_word' id='word_1_147' title='bbox 202 2888 318 2962; x_wconf 90' lang='lat' dir='ltr'>tritico</span> <span class='ocrx_word' id='word_1_148' title='bbox 346 2895 529 2986; x_wconf 84' lang='lat' dir='ltr'>exempla:</span> <span class='ocrx_word' id='word_1_149' title='bbox 570 2892 924 2984; x_wconf 80' lang='lat' dir='ltr'>„Quemadmodum</span> 
     </span>
     <span class='ocr_line' id='line_1_25' title="bbox 51 3005 926 3103; baseline 0.007 -29"><span class='ocrx_word' id='word_1_150' title='bbox 51 3005 178 3100; x_wconf 86' lang='lat' dir='ltr'>lignum</span> <span class='ocrx_word' id='word_1_151' title='bbox 204 3006 284 3078; x_wconf 89' lang='lat' dir='ltr'>vitis</span> <span class='ocrx_word' id='word_1_152' title='bbox 313 3007 514 3103; x_wconf 91' lang='lat' dir='ltr'>depositum</span> <span class='ocrx_word' id='word_1_153' title='bbox 537 3008 573 3078; x_wconf 93' lang='lat' dir='ltr'>in</span> <span class='ocrx_word' id='word_1_154' title='bbox 598 3027 723 3080; x_wconf 90' lang='lat' dir='ltr'>terram</span> <span class='ocrx_word' id='word_1_155' title='bbox 747 3010 811 3081; x_wconf 89' lang='lat' dir='ltr'>suo</span> <span class='ocrx_word' id='word_1_156' title='bbox 833 3009 926 3080; x_wconf 81' lang='lat' dir='ltr'>fruc·</span> 
     </span>
     <span class='ocr_line' id='line_1_26' title="bbox 52 3122 932 3220; baseline 0.006 -28"><span class='ocrx_word' id='word_1_157' title='bbox 52 3122 151 3196; x_wconf 86' lang='lat' dir='ltr'>tificat</span> <span class='ocrx_word' id='word_1_158' title='bbox 174 3142 352 3220; x_wconf 86' lang='lat' dir='ltr'>tempore,-</span> <span class='ocrx_word' id='word_1_159' title='bbox 380 3146 414 3195; x_wconf 90' lang='lat' dir='ltr'>et</span> <span class='ocrx_word' id='word_1_160' title='bbox 433 3151 584 3217; x_wconf 81' lang='lat' dir='ltr'>granum</span> <span class='ocrx_word' id='word_1_161' title='bbox 607 3126 727 3212; x_wconf 88' lang='lat' dir='ltr'>tritici,</span> <span class='ocrx_word' id='word_1_162' title='bbox 744 3125 932 3207; x_wconf 77' lang='lat' dir='ltr'>decidens</span> 
     </span>
     <span class='ocr_line' id='line_1_27' title="bbox 51 3231 990 3335; baseline 0.006 -27"><span class='ocrx_word' id='word_1_163' title='bbox 51 3237 81 3310; x_wconf 88' lang='lat' dir='ltr'>in</span> <span class='ocrx_word' id='word_1_164' title='bbox 116 3259 245 3312; x_wconf 88' lang='lat' dir='ltr'>terram</span> <span class='ocrx_word' id='word_1_165' title='bbox 282 3261 317 3312; x_wconf 88' lang='lat' dir='ltr'>et</span> <span class='ocrx_word' id='word_1_166' title='bbox 351 3239 563 3311; x_wconf 90' lang='lat' dir='ltr'>dissolutum</span> <span class='ocrx_word' id='word_1_167' title='bbox 599 3240 784 3335; x_wconf 82' lang='lat' dir='ltr'>multiplex</span> <span class='ocrx_word' id='word_1_168' title='bbox 817 3231 929 3335; x_wconf 85' lang='lat' dir='ltr'>surgit·</span> <span class='ocrx_word' id='word_1_169' title='bbox 985 3248 990 3269; x_wconf 75' lang='lat'><strong><em>⁴</em></strong></span> 
     </span>
     <span class='ocr_line' id='line_1_28' title="bbox 51 3354 926 3453; baseline 0.003 -25"><span class='ocrx_word' id='word_1_170' title='bbox 51 3381 107 3451; x_wconf 90' lang='lat' dir='ltr'>per</span> <span class='ocrx_word' id='word_1_171' title='bbox 124 3355 281 3452; x_wconf 85' lang='lat' dir='ltr'>spiritum</span> <span class='ocrx_word' id='word_1_172' title='bbox 300 3357 394 3444; x_wconf 89' lang='lat' dir='ltr'>Dei,</span> <span class='ocrx_word' id='word_1_173' title='bbox 422 3357 484 3453; x_wconf 90' lang='lat' dir='ltr'>qui</span> <span class='ocrx_word' id='word_1_174' title='bbox 506 3357 665 3429; x_wconf 87' lang='lat' dir='ltr'>continet</span> <span class='ocrx_word' id='word_1_175' title='bbox 686 3354 821 3429; x_wconf 85' lang='lat' dir='ltr'>omnia:</span> <span class='ocrx_word' id='word_1_176' title='bbox 847 3383 926 3453; x_wconf 84' lang='lat' dir='ltr'>quae</span> 
     </span>
     <span class='ocr_line' id='line_1_29' title="bbox 52 3466 929 3579; baseline 0.006 -36"><span class='ocrx_word' id='word_1_177' title='bbox 52 3472 176 3544; x_wconf 87' lang='lat' dir='ltr'>deinde</span> <span class='ocrx_word' id='word_1_178' title='bbox 197 3499 261 3570; x_wconf 94' lang='lat' dir='ltr'>per</span> <span class='ocrx_word' id='word_1_179' title='bbox 283 3474 486 3571; x_wconf 86' lang='lat' dir='ltr'>sapientiam</span> <span class='ocrx_word' id='word_1_180' title='bbox 508 3475 544 3546; x_wconf 91' lang='lat' dir='ltr'>in</span> <span class='ocrx_word' id='word_1_181' title='bbox 568 3502 671 3548; x_wconf 90' lang='lat' dir='ltr'>usum</span> <span class='ocrx_word' id='word_1_182' title='bbox 693 3466 849 3579; x_wconf 78' lang='lat' dir='ltr'>bominis</span> <span class='ocrx_word' id='word_1_183' title='bbox 869 3503 929 3550; x_wconf 89' lang='lat' dir='ltr'>ve·</span> 
     </span>
     <span class='ocr_line' id='line_1_30' title="bbox 52 3588 930 3688; baseline 0.005 -28"><span class='ocrx_word' id='word_1_184' title='bbox 52 3588 169 3678; x_wconf 87' lang='lat' dir='ltr'>niunt,</span> <span class='ocrx_word' id='word_1_185' title='bbox 200 3610 236 3663; x_wconf 89' lang='lat' dir='ltr'>et</span> <span class='ocrx_word' id='word_1_186' title='bbox 261 3591 489 3688; x_wconf 85' lang='lat' dir='ltr'>percipientia</span> <span class='ocrx_word' id='word_1_187' title='bbox 513 3594 664 3664; x_wconf 88' lang='lat' dir='ltr'>verbnm</span> <span class='ocrx_word' id='word_1_188' title='bbox 692 3591 766 3663; x_wconf 91' lang='lat' dir='ltr'>Dei</span> <span class='ocrx_word' id='word_1_189' title='bbox 792 3593 930 3664; x_wconf 87' lang='lat' dir='ltr'>Eucha-</span> 
     </span>
     <span class='ocr_line' id='line_1_31' title="bbox 53 3707 929 3809; baseline 0.003 -32"><span class='ocrx_word' id='word_1_190' title='bbox 53 3707 155 3801; x_wconf 86' lang='lat' dir='ltr'>ristia</span> <span class='ocrx_word' id='word_1_191' title='bbox 177 3708 290 3796; x_wconf 87' lang='lat' dir='ltr'>fiunt,</span> <span class='ocrx_word' id='word_1_192' title='bbox 327 3709 427 3805; x_wconf 94' lang='lat' dir='ltr'>quod</span> <span class='ocrx_word' id='word_1_193' title='bbox 463 3727 515 3779; x_wconf 87' lang='lat' dir='ltr'>est</span> <span class='ocrx_word' id='word_1_194' title='bbox 555 3735 682 3809; x_wconf 81' lang='lat' dir='ltr'>corpus</span> <span class='ocrx_word' id='word_1_195' title='bbox 719 3729 753 3781; x_wconf 88' lang='lat' dir='ltr'>et</span> <span class='ocrx_word' id='word_1_196' title='bbox 787 3709 929 3804; x_wconf 83' lang='lat' dir='ltr'>sanguis</span> 
     </span>
     <span class='ocr_line' id='line_1_32' title="bbox 54 3818 986 3922; baseline 0.004 -26"><span class='ocrx_word' id='word_1_197' title='bbox 54 3818 194 3898; x_wconf 85' lang='lat' dir='ltr'>Christi.</span> <span class='ocrx_word' id='word_1_198' title='bbox 210 3827 232 3862; x_wconf 86' lang='lat'><strong>“</strong></span> <span class='ocrx_word' id='word_1_199' title='bbox 307 3825 429 3898; x_wconf 88' lang='lat' dir='ltr'>Solent</span> <span class='ocrx_word' id='word_1_200' title='bbox 464 3823 522 3896; x_wconf 88' lang='lat' dir='ltr'>hie</span> <span class='ocrx_word' id='word_1_201' title='bbox 559 3825 768 3903; x_wconf 68' lang='lat' dir='ltr'>SS.&#39;Patres</span> <span class='ocrx_word' id='word_1_202' title='bbox 803 3828 929 3922; x_wconf 85' lang='lat' dir='ltr'>(quos</span> <span class='ocrx_word' id='word_1_203' title='bbox 979 3824 986 3839; x_wconf 85' lang='grc'><em>“</em></span> 
     </span>
    </p>
   </div>
   <div class='ocr_carea' id='block_1_4' title="bbox 84 3969 699 4044">
    <p class='ocr_par' dir='ltr' id='par_1_4' title="bbox 84 3969 699 4044">
     <span class='ocr_line' id='line_1_33' title="bbox 84 3969 699 4044; baseline 0.002 -17"><span class='ocrx_word' id='word_1_204' title='bbox 84 3969 115 4044; x_wconf 80' lang='lat' dir='ltr'>a)</span> <span class='ocrx_word' id='word_1_205' title='bbox 132 3974 173 4030; x_wconf 83' lang='lat' dir='ltr'>De</span> <span class='ocrx_word' id='word_1_206' title='bbox 186 3971 352 4038; x_wconf 80' lang='lat' dir='ltr'>sacramento</span> <span class='ocrx_word' id='word_1_207' title='bbox 370 3973 452 4032; x_wconf 60' lang='lat' dir='ltr'>aava</span> <span class='ocrx_word' id='word_1_208' title='bbox 471 3975 530 4036; x_wconf 73' lang='lat' dir='ltr'>tit.</span> <span class='ocrx_word' id='word_1_209' title='bbox 550 3972 611 4032; x_wconf 84' lang='lat'><em>111.</em></span> <span class='ocrx_word' id='word_1_210' title='bbox 631 3992 653 4030; x_wconf 83' lang='lat' dir='ltr'>c.</span> <span class='ocrx_word' id='word_1_211' title='bbox 673 3988 699 4041; x_wconf 89' lang='lat'>4.</span> 
     </span>
    </p>
   </div>
   <div class='ocr_carea' id='block_1_5' title="bbox 703 4206 818 4257">
    <p class='ocr_par' dir='ltr' id='par_1_5' title="bbox 703 4206 818 4257">
     <span class='ocr_line' id='line_1_34' title="bbox 703 4206 818 4257; baseline 0 -47"><span class='ocrx_word' id='word_1_212' title='bbox 703 4206 818 4257; x_wconf 17' lang='grc' dir='ltr'>Ι»,</span> 
     </span>
    </p>
   </div>
   <div class='ocr_carea' id='block_1_6' title="bbox 0 0 1253 4568">
    <p class='ocr_par' dir='ltr' id='par_1_6' title="bbox 0 0 1253 4568">
     <span class='ocr_line' id='line_1_35' title="bbox 0 0 1253 4568; baseline 0 0"><span class='ocrx_word' id='word_1_213' title='bbox 0 0 1253 4568; x_wconf 95' lang='lat' dir='ltr'> </span> 
     </span>
    </p>
   </div>
  </div>
 </body>
</html>
