2474 4568
641 266 653 288 ς
718 276 721 281 .

633 327 865 342 ἱ-ι--ι--ι-

309 294 396 384 48,
446 302 456 316 ·

170 433 285 516 04²⁰?
310 438 412 512 mirer
438 461 500 514 eos
529 432 640 534 adigit
662 416 850 535 parabola,
882 455 923 512 ut
951 438 1099 538 proprio
1126 465 1191 514 ore

134 557 289 614 'cxvllt
311 552 378 655 ipsi
404 555 441 628 in
465 582 502 630 se
524 554 731 629 sententiam
760 552 900 627 dicant:
929 557 1015 630 dum
1043 559 1191 653 quaerit,

153 649 294 741 *W
312 673 391 771 quis
415 699 460 745 ex
481 671 623 745 duobus
646 669 724 745 filiis
745 669 869 744 fecerit
889 676 1110 747 voluntatem
1132 701 1193 773 pa·

79 770 86 782 ’
312 792 392 879 tris,
417 815 462 862 an
484 787 746 886 qui‘promisit,
774 807 810 860 et
831 815 906 860 non
925 789 1036 864 fecit?
1062 817 1107 863 an
1130 790 1192 887 qui
1232 814 1235 837 ¹

311 907 451 994 renuit,
480 925 514 978 et
543 890 670 1002 postea
695 903 904 1002 poenitentia
930 908 1058 979 ductus
1083 907 1192 997 fecit,

312 1023 414 1122 quod
453 1021 552 1096 iussit
590 1041 714 1120 pater,
757 1024 880 1117 qualea
920 1049 1049 1120 nempe
1090 1043 1193 1099 erant

311 1118 495 1240 puialicani
528 1157 565 1212 et
595 1135 833 1211 meretrices?
882 1140 1078 1238 „quuod
1112 1140 1193 1230 illi,

311 1260 393 1332 funt
412 1256 524 1330 verba
547 1255 579 1327 S.
606 1253 815 1351 Hieronymi
840 1252 900 1345 a),
927 1257 989 1353 qui
1011 1282 1076 1354 per
1099 1262 1193 1331 mala

312 1400 422 1471 opera
453 1369 540 1445 Deo
569 1398 607 1444 se
637 1369 765 1444 servire
792 1394 1030 1468 negaverant,
1067 1394 1195 1470 postea

312 1488 531 1590 poenitentiae
550 1485 762 1587 baptismum
784 1489 983 1586 acceperint
1000 1517 1022 1563 a
1041 1490 1193 1565 Joanne.

313 1605 477 1681 Pharisaei
501 1608 617 1679 autem
642 1605 702 1701 qui
723 1605 888 1678 iustitiam
908 1607 1193 1704 praeseferebant,

175 1745 214 1815 ,⁴
316 1744 352 1798 et
378 1706 493 1819 legem
514 1750 552 1797 se
578 1721 651 1794 Dei
676 1723 791 1796 facere
819 1720 1019 1811 iactabant;
1045 1724 1194 1798 Joannis

312 1859 495 1914 contemto
531 1837 763 1935 baptismate,
802 1818 876 1912 Dei
909 1861 1085 1938 praecepta
1117 1867 1193 1915 non

293 1940 513 2032 'secernam‘
555 1955 621 2028 Vis
639 1956 776 2028 elenchi
795 1953 832 2027 in
851 1957 904 2029 his
924 1956 1057 2031 Christi
1073 1953 1195 2032 verbis

287 2151 288 2155 ,
314 2071 498 2148 consistit:
539 2083 628 2145 Venit
646 2085 726 2144 enim
747 2082 881 2156 Joonrres
903 2087 936 2146 ia
960 2088 1017 2146 nia
1041 2087 1194 2162 iustitie,

312 2212 345 2264 et
376 2218 436 2262 non
466 2199 635 2263 credidistis
666 2199 718 2261 ei:
762 2189 900 2263 nullum
931 2190 1026 2264 aliud
1054 2192 1193 2288 fignum

296 2305 492 2381 'missionis
517 2302 587 2378 suae
618 2306 819 2380 ostentabat
845 2333 949 2404 quam
975 2307 1070 2381 viam
1099 2307 1194 2383 iusti·

309 2423 392 2511 tiae,
433 2447 504 2520 qua
537 2448 666 2520 nempe
697 2444 905 2520 peccatores
941 2425 987 2496 ad
1016 2425 1191 2522 agendam

308 2539 586 2638 poenitentiam,⁴
613 2539 868 2637 faciendosque
897 2541 1030 2615 fructus
1059 2541 1192 2638 ‘dignos

309 2656 527 2754 poenitentiae
551 2655 746 2728 Deo‘sunt
768 2655 946 2742 obstricti;
973 2659 1045 2730 hoc
1073 2678 1190 2732 autem
1223 2705 1224 2709 =

308 2776 549 2867 neglexerunt
568 2773 683 2844 facere
707 2774 755 2844 ad
778 2772 1064 2869 praedicationem
1090 2775 1191 2850 Joan·

309 2890 386 2962 ¹nis:
415 2898 575 2962 Publiceni
600 2908 723 2976 autem,
750 2909 781 2961 et
805 2901 976 2962 meretrices
1000 2896 1193 2964 erediderunt

309 3020 364 3091 eis.-
389 3033 447 3078 nos
469 3005 573 3077 antem
594 3013 751 3094 videntes,
777 3034 829 3077 nec
846 3015 1062 3097 penitentiam
1085 3017 1192 3080 habui·

308 3112 373 3195 'stis'
381 3143 512 3213 postea,
538 3141 575 3194 ut
598 3132 758 3194 crederetis
783 3135 821 3195 ei.
882 3121 919 3217 S·
947 3121 1191 3221 Hieronymus

79 3236 82 3242 ’
272 3236 514 3338 ‘parabolam
549 3240 699 3312 eandem
728 3241 751 3310 l.
782 3264 812 3317 c.
849 3239 894 3311 de
932 3238 1126 3336 gentilibus
1157 3258 1192 3312 et

155 3337 158 3343 Ι
307 3355 438 3430 Judaeis
460 3367 586 3453 ‘po'rro
623 3357 669 3428 fic
708 3355 981 3452 interpretatur:
1026 3356 1189 3444 „Primo

308 3473 437 3546 dicitur
460 3471 644 3569 gentilium
667 3475 808 3569 populo
829 3499 894 3575 per
916 3472 1190 3570 naturalisiegis

214 3620 220 3632 ·
299 3587 494 3679 notitiam:
538 3578 677 3662 Vede'et
700 3616 827 3680 operare
854 3603 888 3662 in
912 3602 1006 3662 vinea
1031 3619 1125 3678 mea,
1151 3588 1193 3666 id.

307 3723 377 3795 est,
397 3705 497 3802 quod
514 3704 579 3777 tibi
596 3731 671 3777 non
688 3703 742 3779 vis
755 3705 858 3795 fieri,
875 3706 973 3779 alteri
993 3733 1038 3778 ne
1054 3686 1188 3780 feceris.

133 3866 134 3869 π
303 3821 381 3920 Qui
404 3821 564 3919 superbe·
578 3821 778 3921 respondit:
809 3833 895 3897 Nolo.
946 3822 1077 3904 Postea
1099 3847 1187 3904 vero

303 3952 307 3961 ι

340 3963 372 4053 a)
386 3961 451 4035 Ζη.
471 3962 517 4039 iit.
