2474 4568
392 286 653 361 ,ffl-
929 319 975 384 ²3

70 456 129 519 ‚in
151 454 274 519 nomine
293 454 428 518 Domini.
469 447 571 520 Dum
594 444 688 520 enim
709 446 801 521 eiicit
820 447 978 521 venden·
1000 425 1116 490 ΨΜ

95 584 153 662 tes,
169 586 205 638 et
223 583 379 636 ementes
403 564 438 635 in
461 569 595 661 templo
618 563 675 655 u),
705 586 740 638 et
759 592 897 638 mensas
917 592 980 638 nu·
1021 545 1108 602 ⁰³⁰¹·

94 683 347 768 mulariorum,
373 702 409 754 et
430 682 612 753 cathedras
630 683 863 755 vendentium
884 709 981 756 ever·

94 799 155 885 tit,
182 801 270 872 illud
299 799 547 897 propheticum
578 800 640 871 nbi
663 821 809 897 usurpat
837 825 902 872 ceu
927 798 983 871 Fi·

94 917 164 989 lius
188 915 262 988 Dei
272 922 283 987 :⁴
309 927 428 988 Domus
449 945 537 1003 meo,
560 927 667 987 domus
687 929 837 988 orationis
858 927 984 988 vocabi·
1012 907 1017 923 .

95 1055 161 1106 tor.
231 1033 445 1130 Diciturque
467 1035 591 1105 urbem
621 1034 797 1128 ingressus
808 1032 983 1105 *introisse

94 1149 133 1220 iu
157 1154 352 1247 templum,
392 1163 614 1256 circumspectis
636 1163 794 1236 omnibus,
833 1173 984 1242 tanquam

96 1265 197 1339 Pilius
223 1281 256 1340 in
277 1279 365 1339 domo
382 1275 449 1356 fita
468 1264 516 1356 b).
569 1267 669 1339 Dum
698 1267 812 1339 redux
841 1292 886 1340 ex
920 1266 987 1338 Be·

95 1384 243 1471 thania,
280 1384 363 1457 ficui
395 1383 598 1471 maledixit,
634 1385 731 1480 genti
763 1382 894 1456 scilicet
927 1383 986 1455 lu·

96 1501 236 1587 daicae‚
282 1499 365 1587 cui,
406 1504 612 1596 temploque
651 1500 981 1598 Hierosolymitano

96 1619 304 1690 successura
336 1636 409 1689 erat
437 1617 596 1690 Ecclesia
625 1645 670 1691 ex
698 1620 885 1715 gentibus:
927 1615 986 1689 cui

96 1736 306 1808 concordat·
341 1738 442 1807 locus
481 1735 710 1831 propheticus
749 1763 769 1807 a
811 1735 985 1821 Christo,

97 1877 180 1923 cum
213 1851 352 1925 eiiceret
376 1851 598 1937 vendentes,
639 1855 787 1939 allatus,
824 1872 864 1924 ut
887 1850 984 1948 apud

96 1967 272 2040 Marcum
296 1968 363 2038 Xl.
391 1993 445 2056 17.
469 1968 618 2040 habetur
637 1970 773 2065 integer
791 1989 899 2066 prout
916 1968 983 2040 Isa.
1053 1951 1056 1957 ⁵

96 2083 193 2156 LVI.
220 2109 253 2171 7.
284 2084 433 2179 legitur:
475 2094 593 2156 Domus
613 2114 682 2156 meu
704 2098 809 2158 domus
834 2097 985 2156 orationis

96 2213 264 2273 uocabitur
289 2211 424 2272 omnibus
444 2212 593 2287 gentibus.
631 2201 727 2272 Cum
751 2202 880 2298 insigni
903 2227 984 2298 pro-

89 2319 220 2414 phetia
244 2317 322 2414 ipso
346 2317 449 2390 etiam
476 2344 585 2415 opere
609 2319 867 2404 demonstrata,
896 2320 983 2389 dum

95 2435 187 2507 lacta
228 2435 438 2533 expulsione
469 2436 736 2532 profanatorum
769 2461 788 2506 e
824 2437 983 2531 templu,

94 2550 131 2623 in
160 2578 285 2624 eorum
310 2555 439 2624 locum>
456 2551 615 2623 Ecclesia
644 2551 804 2624 succedit
828 2577 872 2623 ex
899 2576 984 2647 gen·
1093 2588 1110 2611 r

95 2668 192 2740 tibus
215 2695 278 2764 per
303 2668 426 2739 orbem
454 2688 647 2753 terrarum,
674 2649 861 2741 substituta
884 2668 984 2764 syna·
1018 2710 1022 2719 ·

94 2810 201 2880 gogae
231 2785 445 2856 ludaeorum.
497 2785 544 2856 Et
571 2787 629 2857 hic
657 2785 761 2860 etiam
786 2785 822 2856 in
847 2787 982 2880 templo

96 2902 327 2998 prosequitur
349 2927 429 2974 eum
460 2903 727 2974 acclamantium
758 2929 857 2988 vox,
894 2902 980 2973 dum

98 3019 143 3088 ad
164 3045 246 3091 eum
269 3018 349 3090 caeci
372 3038 406 3090 et
428 3019 544 3092 claudi
567 3040 805 3106 accesserunt,
831 3037 867 3091 et
888 3020 983 3092 lana·

100 3135 150 3206 vit
173 3161 247 3207 eos.
303 3146 442 3207 Videntes
467 3158 571 3207 autem
591 3149 746 3227 principer
758 3144 981 3224 sacerdotnm,

96 3273 129 3322 et
138 3260 248 3340 scribe
269 3263 446 3338 inmobilia,
475 3279 538 3343 qim
546 3262 650 3340 fecit,
678 3275 708 3324 et
720 3281 832 3342 pueros
851 3262 985 3325 cloman-

96 3381 196 3439 resin
223 3379 352 3459 templo,
380 3389 411 3439 et
433 3377 585 3440 diceutes:
612 3378 758 3440 Horarum
773 3377 842 3455 filio
862 3379 981 3456 David,

96 3497 250 3571 indignati
255 3494 345 3574 fiant.
399 3495 438 3556 Et
456 3497 602 3556 dixerunt
621 3501 667 3558 ei:
694 3499 820 3573 Audis‚·
836 3497 984 3578 prodisti
1078 3471 1081 3476 .

96 3611 229 3673 dicunt?
254 3601 352 3683 ‚Iesus¹
366 3623 470 3672 nutem
495 3610 579 3673 dixit
606 3616 669 3674 eis:
697 3617 803 3693 urique
826 3631 984 3693 nunquam

98 3727 239 3803 legistis.-
283 3730 366 3812 Quia
396 3744 436 3789 ex
466 3747 519 3789 ore
546 3728 713 3805 infantium
744 3741 774 3789 ct
803 3729 982 3790 lactentium

93 3847 249 3926 perfecisti
284 3847 404 3908 taonem
441 3831 487 3924 c).
553 3834 639 3908 Haec
674 3835 866 3930 gratissima
887 3842 984 3906 'con-

128 3980 270 4050 &Mota
281 3982 366 4038 XXI.
377 4000 418 4038 ιι.
443 3978 561 4047 mrem.
571 3983 632 4038 ΠΙ.
641 3987 666 4039 6.
692 3979 979 4051 amittamur.

991 661 1133 720 W„
1224 656 1227 665 Δ
