2604 4696
405 321 475 378 iro
723 297 954 363 ξ

260 457 373 520 Garun
402 451 511 540 hane,
533 471 611 549 quie
635 456 745 527 modo
766 479 836 549 pree
860 447 970 526 oculis·
990 473 1062 540 est,
1087 457 1269 554 protbono

236 575 392 634 cxxvlll.
402 571 521 644 omine
546 569 675 644 habeat
700 570 954 657 refloritur'am,
983 593 1025 646 ut
1049 575 1160 647 modo
1187 577 1261 648 dixi·

247 694 497 774 W'Vmus,
524 687 715 783 aliquando
742 709 821 760 ante
846 689 953 760 finem
977 683 1184 762 saeculorum
1203 719 1262 764 are·

395 806 522 878 factam
544 805 728 877 ficulneam
753 803 952 892 iudaicam,
981 825 1022 878 ur
1047 807 1177 903 passim
1201 835 1261 880 cre·

397 921 508 1007 ditur,
538 905 661 1016 estque
685 921 787 994 etiam
812 921 843 996 S.
863 903 1081 1009 Ambrosius
1106 919 1178 998 eius
1198 926 1259 996 sen·

393 1022 523 1112 teniiae.
572 1089 594 1124 ‚,
606 1035 722 1123 Alibi,
740 1036 864 1133 &quit
882 1034 938 1128 a),
965 1065 1015 1114 ex
1037 1040 1258 1114 teneritudine

395 1155 529 1227 arboris
555 1147 682 1240 liuius,
718 1175 752 1226 et
777 1153 870 1226 foliis
901 1173 1160 1228 commemorat
1188 1182 1258 1228 con·

392 1270 448 1360 iici
473 1272 585 1342 solere
610 1270 732 1342 aestatis
759 1271 970 1358 adventum,
999 1292 1152 1367 utroque
1173 1271 1259 1367 figni-

391 1386 524 1472 fimus,
565 1405 600 1458 et
632 1385 784 1458 Judaicae
817 1387 928 1484 plebis
959 1388 1128 1475 inanem,-
1165 1414 1257 1483 quam

385 1499 637 1598 'praetendebat
662 1501 831 1598 gloriam,
868 1499 968 1576 velut
992 1503 1122 1577 florem
1151 1503 1185 1576 in
1209 1503 1258 1574 ad·

276 1698 281 1706 ,
392 1641 503 1692 ventu
530 1617 680 1692 Domini
705 1619 896 1706 decidisse3
924 1620 1009 1716 quia
1034 1621 1197 1718 operibus
1216 1619 1256 1690 in·

390 1737 571 1809 fructuosa
609 1735 784 1808 durabat:
827 1758 861 1809 et
892 1738 1012 1810 iudicii
1037 1739 1140 1821 ,diem
1171 1741 1255 1810 velut

392 1855 518 1930 aestatis
541 1855 753 1940 adventurn,
782 1876 855 1949 quo
879 1845 992 1926 adulti
1014 1855 1147 1927 fructus
1168 1873 1256 1925 terra·

389 1995 466 2048 rum
496 1970 655 2042 omnium
683 1971 944 2056 reconduntur,-
973 1999 1021 2044 ex
1048 1969 1254 2068 plenitudine

389 2087 577 2173 Ecclesiae,
607 2087 769 2190 inquam
791 2086 902 2158 Judaei
930 2113 1080 2185 quoque
1108 2081 1256 2161 credituri

387 2203 485 2290 sunt,
514 2203 741 2278 metiendum·
792 2203 860 2276 Hic
881 2229 966 2300 ergo
991 2206 1127 2278 altioris
1150 2205 1253 2276 sensus

387 2319 534 2416 aliquod
554 2313 657 2394 etiam
677 2345 869 2415 quaeramus
891 2327 1104 2395 arcanum.“
1154 2315 1252 2412 Quod

386 2439 556 2534 deinceps
596 2424 757 2533 pluribus
795 2438 956 2540 euplicat.
1025 2439 1056 2511 S.
1092 2438 1252 2529 Hierony·

384 2575 462 2628 mus
485 2556 657 2650 pressius,
687 2575 727 2627 ut
755 2557 862 2642 solet,
891 2556 999 2626 literae
1030 2555 1196 2628 inhaerens
1219 2548 1248 2618 in

385 2698 460 2765 cap.
481 2671 624 2743 XXIV.
646 2671 780 2742 Matth.
810 2721 830 2756 ,‚
842 2672 1062 2763 Quomodo,
1081 2669 1188 2767 inquit
1203 2662 1247 2754 b),

385 2813 494 2882 quum
527 2806 561 2856 et
589 2811 728 2880 gemma
760 2787 911 2882 erumpit
941 2788 977 2858 in
1004 2766 1150 2873 florem,
1185 2805 1248 2856 cor·

383 2925 514 2999 texque
534 2903 619 2975 folia
645 2894 812 2998 parturit,
841 2901 1034 3000 intelligitis
1058 2902 1179 2978 aestatis
1198 2896 1247 2970 ad·

382 3031 553 3107 ventum,
581 3040 616 3092 et
639 3017 774 3092 favonii
799 3046 838 3092 ac
863 3018 954 3095 veris
980 3019 1183 3103 introitum,
1207 3011 1246 3082 ita

382 3165 463 3212 cum
491 3131 612 3212 omnia
636 3138 731 3235 heec,
760 3163 839 3233 quae
866 3137 989 3235 scripta
1012 3142 1110 3224 sunt,
1135 3126 1245 3208 videri·

382 3259 449 3344 tis,
478 3257 587 3329 nolite
606 3276 727 3354 putare
749 3254 816 3328 iam
844 3257 965 3330 adesse
987 3243 1265 3330 consummatio?

381 3401 463 3446 nem
490 3372 635 3457 mundi,
662 3374 721 3445 sed
747 3372 847 3468 quasi
869 3374 1040 3469 prooemia
1062 3392 1097 3444 et
1111 3384 1243 3467 praecur-

379 3515 477 3566 sores
497 3489 671 3585 quosdam
692 3489 834 3576 venire,
862 3510 902 3562 ut
922 3491 1128 3571 ostendant,
1155 3472 1242 3576 quod

377 3633 492 3705 prope
529 3607 570 3678 fit
600 3625 635 3677 et
668 3605 704 3676 iu
739 3605 907 3693 ian‚uis;“
949 3628 989 3681 ut
1023 3629 1151 3700 nempe
1184 3585 1262 3667 1105‘

375 3729 511 3822 {emper
550 3726 738 3822 suspensos
779 3744 815 3796 et
853 3724 1006 3796 incertos
1043 3721 1145 3796 huius
1181 3703 1242 3782 diei

391 3897 426 3964 ‘a
455 3898 548 3977 nepos.
564 3906 871 3974 evang.see.mc.zrr.
886 3898 1239 3976 V11.n.160.p.144enr·

413 3983 427 4034 ὓ
465 3980 497 4034 Τ.
516 3977 571 4038 IV.
589 3990 615 4046 p.
638 3991 696 4044 ¹17·
