2474 4568
247 298 320 386 ²48,
567 282 800 357 β

107 419 223 513 ΕΔΜ
251 441 339 533 bus,
361 464 439 537 quae
459 439 614 512 mundus
636 439 762 527 dabat,
782 461 871 534 pace
893 431 1026 510 Christi
1049 435 1131 524 sunt

115 555 219 611 CXLV·
253 557 398 644 muniti,
426 578 465 630 ut
490 582 564 629 non
591 557 787 632 turbaretur
810 580 873 632 cor
898 580 1044 639 eorum,
1073 579 1130 624 ne·

97 670 323 771 une
345 674 559 763 formidaret,
610 651 740 761 „Cuni
764 671 883 758 sciret,
911 672 992 752 lunt
1017 671 1128 751 verba

250 789 420 888 Origenis
441 812 564 884 contra
583 789 727 862 Celsum
747 788 1019 868 infensissimum
1042 785 1128 861 chri.-

246 909 351 1000 stiani
374 909 527 992 nominis
550 909 710 994 hortem,
738 925 773 990 et
797 904 1042 984 insultatorem
1069 900 1127 1004 o),

248 1025 373 1105 mundi
401 1043 436 1119 et
463 1052 536 1097 non
564 1023 636 1096 Dei
658 1024 734 1095 fore
758 1022 942 1108 homines,
969 1021 1031 1117 qui
1058 1020 1128 1091 bel·

233 1137 323 1234 lum
352 1142 456 1223 nobis
481 1142 699 1234 indicerent,
726 1138 845 1229 addit:
884 1148 953 1222 Non
978 1129 1128 1230 quomodo

249 1268 381 1330 mundus
404 1270 460 1330 dot
480 1287 613 1349 pacem,
650 1284 703 1345 ego
726 1267 769 1338 rio
796 1264 883 1343 uobis
899 1282 1025 1344 pacem,
1088 1251 1131 1333 ln

248 1373 312 1465 illo
339 1394 455 1465 autem
482 1396 637 1463 nostram
663 1373 828 1445 fiduciam
857 1371 1049 1469 ponimus,
1085 1388 1133 1444 et·

250 1489 368 1583 siamsi
399 1491 597 1582 inmundo
625 1515 848 1585 premamur:
892 1488 982 1578 dixit
1013 1487 1130 1574 euim:

252 1617 291 1698 In
324 1618 437 1693 mundo,
461 1635 638 1698 pressurum
667 1616 842 1693 habebitis,
869 1613 931 1694 sed
961 1614 1131 1692 confidite,

252 1724 398 1809 ,ego‘uicr‘
424 1735 598 1815 mundum..
644 1722 729 1801 Haec
758 1744 850 1810 perte
879 1749 951 1818 pax
980 1720 1087 1809 unice
1113 1745 1134 1790 a
1165 1750 1168 1755 ·

252 1838 340 1924 Deo
369 1860 440 1925 est,
468 1865 539 1936 pax
563 1838 718 1927 Christi,
744 1852 798 1932 ptri
823 1850 996 1928 consolatur
1022 1867 1077 1910 not
1102 1848 1134 1907 irt

216 1962 218 1967 ’
254 1967 338 2044 pmni
365 1966 561 2045 tribulatione
593 1978 726 2047 nostro,
765 1979 801 2037 ut
828 1970 983 2049 porrinrur
1013 1975 1045 2026 et
1074 1963 1134 2044 ipsi

255 2083 406 2165 comolorr'
424 2102 491 2160 eos,
513 2086 617 2166 quiin
637 2085 719 2166 omni
732 2103 879 2164 pressura
887 2082 977 2161 sunt.
1022 2068 1134 2163 „Per-

254 2190 347 2278 fecta
368 2191 499 2280 virtus,
521 2190 635 2286 inquit
656 2189 687 2278 S,
711 2188 925 2280 Ambrosius
945 2184 1000 2276 b),
1026 2188 1151 2263 habetx
1172 2216 1175 2221 ·

247 2306 386 2402 ‚quietis
410 2307 709 2401 tranquillitatem,
731 2327 766 2378 et
784 2306 1025 2390 stabilitatem
1050 2303 1132 2392 ideo

256 2421 441 2518 Dominus
469 2425 604 2516 donum
634 2423 707 2507 eius
735 2422 1004 2519 perfectioribus
1030 2446 1135 2494 reser·
1171 2459 1174 2466 ·

255 2540 355 2633 vovit
390 2539 531 2613 dicens:
570 2551 680 2613 Pacem
711 2550 848 2633 relinquo
882 2549 991 2624 uobis,
1015 2566 1133 2644 pacem

257 2686 357 2750 meum
376 2667 415 2728 do
434 2667 531 2747 vobis,
583 2655 823 2733 Perlectorum
848 2676 899 2729 est
921 2657 1035 2747 enim,
1060 2682 1133 2727 non

256 2772 357 2862 facile
378 2770 566 2844 mundanis
586 2772 740 2859 moveri,
765 2800 839 2845 non
863 2772 996 2846 turbari
1019 2794 1132 2860 metu,

257 2914 331 2960 non
359 2887 527 2983 exagitari
552 2889 771 2984 suspitione,
800 2917 873 2960 non
898 2911 1030 2962 terrore
1052 2915 1134 2962 con·

257 3005 351 3094 euti,
380 3032 452 3077 non
484 3006 609 3079 dolore
637 3006 867 3093 vexari,‚sed
898 3007 996 3103 quasi
1023 3007 1060 3078 in
1083 3007 1134 3079 lit-

259 3141 336 3219 tore
365 3123 536 3213 tutissimo
564 3125 731 3217 adversus
756 3122 977 3220 insurgentes
1003 3124 1132 3195 fluctus

258 3243 472 3332 saecularium
492 3246 725 3339 procellarum
744 3260 897 3317 mentem
914 3241 1132 3328 immobilem

259 3358 331 3449 fida
356 3359 501 3449 statione
528 3358 715 3453 placidare.
766 3357 847 3448 Hoc
874 3358 1132 3448 firmamentum

261 3473 457 3567 phristianis
488 3472 666 3551 mentibus
692 3472 852 3567 Christus
881 3474 1042 3563 invertit,
1077 3501 1133 3571 pa·

176 3636 179 3640 ·
261 3620 336 3683 pem
355 3591 526 3684 internam
547 3591 718 3674 invehens
738 3592 861 3681 animis
880 3591 1132 3688 probatorum

259 3736 334 3804 pon
363 3729 402 3800 ut
429 3710 587 3802 turbetur
613 3735 675 3801 cor
702 3734 885 3800 nostrum,
912 3733 1030 3804 neque
1058 3733 1133 3780 exa·

294 3892 326 3974 ᾳ)
352 3895 409 3949 tt.
433 3895 518 3975 ῙῘΙῌ.
538 3912 627 3978 22314.
652 3898 683 3950 Τ.
703 3896 728 3950 I.
748 3909 773 3963 p.
793 3911 854 3962 752.
940 3892 970 3964 l)
995 3893 1131 3966 Destrtb

277 4035 283 4050 .
325 3975 352 4043 rt
368 3967 440 4045 beuta
457 3974 516 4051 orte
535 3964 593 4037 Lab.
612 3967 657 4045 Π.
678 3984 704 4020 n.
724 3976 768 4045 23.
791 3969 823 4022 T.
843 3965 912 4036 Lp.
932 3969 993 4033 468.
