2474 4568
389 304 391 308 ’
431 293 661 350 -““““““““--
912 304 977 373 181

124 443 257 518 essentia
288 434 405 517 autem
435 441 606 540 paschatis
638 446 676 518 fit
708 447 893 518 comedere
923 471 981 541 ag·
1008 434 1123 498 CAPUT

116 590 213 649 num,
241 564 373 659 pascha
394 563 534 658 utique,
562 564 659 657 quod
685 583 867 660 tantopere
895 555 1173 634 despexxxvu

114 681 245 752 deravit
263 679 475 751 manducare
497 706 578 751 cum
595 679 773 774 discipulis
796 680 882 764 luis,
906 705 979 751 non
992 676 1133 732 “V“

112 819 158 868 est
185 796 254 867 nisi
278 819 377 868 coena
401 795 436 865 in
461 822 529 891 qua
551 799 823 883 sacramentum,
857 796 982 868 sacrifi·
1074 840 1077 849 ·
1105 811 1107 818 '

109 913 272 1008 ciumque
301 912 458 1007 corporis
489 933 522 984 et
548 912 723 1007 sanguinis
750 914 800 984 sui
827 913 985 986 instituit.
1021 970 1035 976 .-

108 1029 212 1102 Certe
243 1050 340 1101 tanto
367 1029 542 1100 desiderio
567 1030 649 1101 ferri
674 1057 755 1126 erga
774 1052 881 1103 *vetus
908 1056 986 1126 pas·

105 1149 195 1233 cha,
239 1146 339 1242 quod
371 1146 437 1216 iam
474 1172 539 1217 ceu
573 1143 669 1218 nuda
700 1149 816 1242 figura
848 1174 983 1223 cessare

105 1264 285 1348 debebat,
326 1288 400 1333 non
441 1262 582 1358 potuit,
623 1265 726 1359 quale
764 1265 830 1337 suis
865 1264 983 1337 verbis

105 1379 269 1452 Christus
296 1379 483 1474 exprimit:
523 1390 679 1452 Desiderio
703 1393 898 1469 desideravi,
914 1392 983 1452 ,Ιιοι

98 1507 219 1588 pascha
251 1507 436 1568 manducare
467 1508 633 1570 nobiscum.
711 1498 840 1594 Neque
879 1497 978 1569 etiam

100 1613 213 1687 verba
237 1612 295 1684 illa
317 1632 482 1704 antequam
504 1629 611 1705 patiar
632 1614 828 1710 intelligere
849 1617 924 1687 haec
947 1616 984 1684 ss·

101 1750 212 1816 nunt,
242 1730 286 1802 de
313 1731 394 1816 illu,
419 1755 492 1824 quo
510 1742 630 1821 pascha
650 1754 787 1803 nostrum
807 1743 984 1803 immolatus

102 1867 149 1918 est
179 1856 315 1917 Christus
341 1846 375 1917 in
401 1848 567 1942 passione
594 1868 629 1920 et
656 1869 770 1922 morte
802 1852 863 1921 sua
892 1874 984 1920 mac-

103 1963 234 2034 tandus
265 1989 378 2035 verus
399 1990 510 2060 agnus
536 1965 731 2059 paschalis,
758 1967 819 2062 qui
850 1993 886 2038 se
914 1965 982 2038 iam

102 2077 140 2150 in
168 2104 269 2151 coena
299 2081 444 2171 dederat
479 2081 766 2152 manducandum
799 2082 981 2177 discipulis
1063 2113 1066 2124 ,

101 2192 184 2269 luis.
251 2196 350 2290 Quid
381 2198 473 2270 enim
506 2197 600 2270 aliud
628 2198 761 2292 grande
790 2198 877 2269 illud
908 2224 982 2269 esse

101 2335 291 2409 potuerat,
329 2317 428 2410 quod
456 2334 555 2387 tanto
586 2314 763 2387 desiderio
793 2315 993 2386 desideras·¹

101 2453 178 2517 set,
205 2431 270 2503 nisi
297 2432 499 2527 quodipse
529 2432 564 2503 in
590 2457 689 2503 coena
712 2428 798 2504 fecit
822 2431 983 2527 corporis

103 2569 139 2620 et
158 2548 336 2642 sanguinis
362 2549 412 2620 sui
441 2549 679 2620 convivium?
729 2545 853 2642 „Quo
876 2550 984 2620 vehe-

101 2667 278 2752 mentius,
301 2669 381 2738 lunt
400 2667 508 2739 verba
534 2667 565 2738 S.
586 2667 778 2761 Augustini
805 2654 865 2754 α),
888 2692 984 2736 com·
1014 2749 1019 2759 .

102 2785 288 2855 mendaret
316 2784 469 2880 mysterii
504 2785 595 2873 illius
623 2783 867 2869 altitudinem,
904 2784 983 2853 ulti-

102 2927 198 2971 mum
225 2901 296 2971 hoc
327 2900 443 2972 voluit
464 2902 594 2973 'arctius
631 2902 778 2995 infigere
808 2882 981 2980 ,cordibus

103 3037 138 3088 et
155 3016 335 3088 memoriae
356 3017 628 3112 discipulorum,
654 3018 819 3114 aquibus
839 3019 982 3113 adnpas·
1003 2997 1007 3004 .

100 3132 242 3205 sionem
271 3135 489 3228 digressurus
519 3138 634 3205 erat.“
686 3135 784 3205 Dum
815 3134 979 3205 nimirum

98 3251 233 3347 pascha
251 3236 416 3322 nostrum
434 3250 501 3321 iam
524 3240 762 3320 immolandus
787 3268 861 3319 erat
880 3249 981 3320 Chri-

99 3388 193 3452 stus,
213 3369 319 3462 leque
339 3367 489 3438 hostiani
505 3367 598 3440 Patri
618 3366 803 3438 oblaturus
821 3365 856 3436 in
878 3376 981 3438 c'ruce

98 3503 288 3554 cruentum
303 3483 545 3571 alacrifieium,
583 3484 660 3580 ipse
686 3484 736 3555 in
750 3484 800 3577 sui
829 3509 986 3567 comme«

96 3599 339 3671 morationem
377 3628 510 3672 novum
549 3601 695 3672 instituit
732 3601 978 3684 incruentum,

95 3715 236 3789 reiecto
257 3717 369 3788 veteri
397 3717 613 3790 substituens
639 3743 771 3788 novum
797 3736 981 3804 testamen·

96 3855 197 3907 tum:
230 3843 283 3904 Hic
306 3855 350 3905 est
378 3848 476 3920 enim,
505 3834 553 3909 ait
577 3830 632 3922 n),
650 3836 782 3922 fatigeris
805 3845 981 3903 memnoni

133 3977 168 4049 a)
177 3980 315 4050 Epist-ss.
326 3959 348 4035 ἔ.
360 3986 386 4036 6.
400 3982 482 4037 alr.
492 3995 587 4049 am.
655 3977 976 4050 s),tnats.s·n'r⁷1.·2s.
1073 4059 1076 4063 Α
1152 4062 1156 4067 Ι
