2474 4568
316 271 394 374 {gd
638 259 870 333 -'··.·.·-·-...'

178 423 293 491 cm?
319 428 537 506 demiand'us.
573 413 702 502 Putate
726 434 887 527 oportet,
903 419 1046 516 fodere,
1068 416 1199 525 iig'are',

165 540 300 598 chvlt.
318 572 352 623 et
378 551 511 643 reliqua
533 548 658 620 iacere.
721 547 848 632 Falce,
875 558 916 619 ut
940 547 1072 634 sentio,
1101 564 1136 618 et
1155 546 1185 618 ii·

166 653 432 763 wgone,
460 683 494 735 et
520 664 592 736 aliis
615 662 751 735 rusticis
777 662 1018 736 instrumentis
1045 657 1091 735 ad
1115 662 1184 734 vitis

317 792 436 856 c'uram
467 805 558 875 opus
586 802 658 864 est,
693 791 732 851 u‘t
758 780 863 851 nobis
886 781 1038 851 fructum
1068 779 1184 875 produ·

319 910 377 971 c'at
403 899 663 970 esculentum.“
713 896 761 967 Et
787 897 823 966 in
850 896 1053 991 Paedagogo
1080 895 1138 967 lib.
1161 884 1183 968 I,

317 1028 353 1114 p.
388 1035 495 1102 ¹¹5'·²
540 1008 884 1119 „Silvescit'enim,
919 1006 1190 1107 inquit,·'vitis,'

318 1131 384 1202 r'risi
409 1146 572 1228 putetur3
599 1129 644 1199 ita
663 1128 763 1200 etiarn
787 1128 908 1199 homo.
961 1127 1211 1200 Luxuriantes„

317 1263 434 1320 autern
456 1248 672 1340 adnatasque
693 1244 927 1341 propagines,
945 1244 1116 1331 Verbum,
1135 1232 1186 1340 dui

317 1384 371 1436 est
388 1363 543 1457 gladius,
573 1383 765 1457 expurgat,
789 1380 922 1457 'cogens
939 1362 1184 1457 appetitiones,

318 1506 365 1552 ne
385 1481 535 1551 fructum
554 1479 643 1549 ferre
667 1478 877 1550 desiderent.
914 1472 1051 1549 Eorum
1070 1489 1185 1562 autem,

317 1596 379 1692 qui
404 1612 571 1692 peccant,
593 1594 786 1690 increpatio
810 1595 919 1665 habet
942 1597 1088 1689 scopum
1111 1586 1210 1666 salu·¹

316 1723 416 1798 tem,
461 1713 573 1811 verbo
607 1737 643 1781 se
680 1711 856 1782 concinne
890 1711 1092 1806 applicante
1128 1735 1185 1807 pro

316 1828 487 1925 pro'priis,
515 1826 790 1951 uniuscuiusque
809 1828 984 1913 moribus,
1013 1832 1049 1899 ei
1070 1825 1187 1900 alicubi

315 1944 462 2040 quidem
481 1943 703 2029 vehementi,
730 1968 770 2015 ac
794 1943 957 2030 intenso;
985 1945 1114 2016 alicubi
1138 1954 1188 2015 au·

318 2074 401 2134 tem'
420 2065 503 2132 laxo
538 2085 577 2132 ac
607 2059 801 2149 remissp.“
873 2060 1025 2156 Propius
1060 2063 1129 2132 hoc
1159 2060 1186 2130 S.

258 2222 259 2227 κ
318 2178 371 2252 Jo.
394 2177 578 2274 Chrysost.
604 2177 638 2247 in
665 2177 699 2248 h.
724 2180 745 2248 l.
770 2177 814 2248 de
835 2177 1000 2250 aerumnis
1025 2176 1189 2274 apostolis

316 2294 527 2367 inducendis
553 2294 711 2389 exponit.
753 2292 973 2367 ·Universim
998 2320 1087 2367 vero
1111 2320 1191 2392 apo·

317 2417 428 2485 stolus
456 2409 631 2506 loquitur:
664 2421 786 2496 Omnes,
814 2425 867 2503 qui
882 2424 937 2502 pie
959 2423 1069 2483 uolunt
1088 2424 1193 2483 vivere

315 2542 350 2600 in
380 2538 518 2612 Christo,
548 2541 785 2618 persecutionem
806 2540 977 2620 potientur:
1041 2527 1122 2600 Nec
1151 2509 1197 2599 de,

318 2657 464 2717 'externa
491 2660 624 2716 tanturn
651 2645 767 2716 vires
794 2645 930 2741 agitur;
959 2628 1111 2740 quisque
1134 2642 1195 2717 fibi

316 2761 385 2857 ipsi
402 2761 473 2831 vim
493 2761 618 2831 inferre
640 2762 765 2832 debet:
795 2772 855 2854 Qut
871 2773 938 2832 odit
954 2771 1195 2852 animamsuum

314 2877 348 2948 z'n
371 2887 426 2946 lroc
449 2889 582 2964 mundo,
610 2890 642 2947 in
667 2892 770 2948 vitant
794 2889 933 2949 aternam
960 2880 1093 2950 custodit
1118 2890 1195 2951 eam.

315 2993 365 3064 Vi
396 2993 547 3064 maxima
581 3007 711 3064 naturae
742 2995 925 3092 corruptio
959 3014 993 3067 et
1022 2995 1196 3068 vitiositas

316 3137 407 3208 opus
428 3111 544 3182 habet.
596 3109 851 3184 Absciddcuda
875 3135 927 3184 est
948 3128 1093 3197 manus,
1116 3138 1195 3209 pes,

316 3233 457 3328 oculus,
480 3228 539 3324 qui
563 3224 789 3300 scandalizati
811 3228 1011 3325 purganda,
1036 3231 1196 3324 putanda

319 3366 371 3415 est
394 3345 474 3415 vitis
503 3346 599 3415 unde
629 3348 762 3439 palmes
792 3345 1005 3437 fructuosior
1033 3345 1194 3420 efficitur.

315 3458 411 3531 Hinc
429 3459 625 3530 ostenditur
643 3444 853 3531 tentationes
870 3461 1034 3533 fortiores
1055 3460 1194 3535 'efficere
1218 3514 1221 3523 »

316 3587 403 3661 nos,
426 3596 460 3646 et
481 3576 614 3669 quaevis
639 3576 747 3662 mala,
769 3603 847 3672 quae
871 3578 1045 3674 patienter
1070 3606 1112 3651 ac
1129 3581 1194 3651 for·

316 3693 397 3767 titer
424 3681 651 3788 perierimus,
684 3699 744 3767 au't
779 3696 976 3792 ipsinobis
1003 3695 1191 3769 inferimus.

288 3854 293 3861 ·
318 3809 431 3902 Quod
454 3833 526 3902 quo
551 3812 742 3884 severiores
768 3813 804 3882 in
830 3839 894 3884 nos
918 3813 1012 3908 ipsos
1037 3813 1189 3895 iacimus,

319 3953 363 3999 eo
387 3929 568 4014 meliores,
595 3929 846 4024 dignioresque
868 3954 934 4024 nos
954 3929 1187 4003 conductitios
