2474 4568
261 278 268 292 'a

333 310 370 326 w-
403 313 406 317 -
436 293 667 323 m

134 416 138 423 .
263 414 266 419 Ι
908 323 986 390 ‘357

109 449 414 525 reaedificaturum.
479 452 601 528 Sermo
629 452 722 524 enim
747 449 987 523 aedificationis
1017 445 1131 509 CttvT

107 595 188 641 non*
207 570 363 642 ostendit
385 554 604 643 subitaneum
625 596 732 665 opus,
753 568 985 640 suscitationis
1001 571 1151 625 CLXVlll·

94 699 225 776 ,autem
247 686 411 762 ostendit.
449 687 497 760 Et
516 685 577 782 qui
597 687 739 780 quidem
759 681 984 770 deridebant,
1003 687 1145 760 *W

108 803 298 874 dicebant:
334 814 432 873 Salva
461 817 614 893 teipsum:
649 802 724 896 ipse
755 822 869 872 autem
899 801 985 872 acci·

106 919 211 1016 piens
241 920 406 992 virtutem
437 946 457 991 a
487 920 611 1005 Patre,
648 939 681 991 et
710 919 779 989 hoc
809 917 911 1004 lecit,
948 937 984 989 et

107 1036 269 1130 amplius.
310 1035 459 1109 Cunctis
480 1037 571 1107 enirn
594 1035 812 1132 capientibus
830 1033 979 1109 verbnm

105 1153 231 1239 fuum,
257 1153 401 1227 salutem
425 1154 521 1225 suam
545 1151 743 1225 ostendit.“

105 1463 107 1468 ,
175 1375 268 1457 Cum
289 1384 413 1458 ludaeis
436 1385 761 1483 blasphemantibus
784 1405 819 1458 et
838 1385 982 1458 irriden-
997 1398 1053 1454 Uni
1064 1388 1150 1462 latro}

105 1501 212 1575 tibus.
232 1529 323 1575 unus
355 1503 456 1578 etiam
486 1506 663 1579 latronum
695 1502 848 1598 idipsum
884 1503 980 1601 apud
995 1484 1147 1606 33ἒοζοῐὲ

103 1619 238 1692 Lucam
262 1619 401 1691 dicebat
422 1616 481 1709 a):
509 1630 541 1690 Si
565 1642 599 1690 tu
620 1649 650 1692 ts
675 1632 832 1706 Clarittus,
849 1629 979 1707 salvum
993 1609 1144 1748 affirm..

94 1749 155 1826 fac
178 1749 388 1828 temetipsum,
415 1759 444 1807 et
466 1766 536 1821 nos,·
563 1740 651 1809 alter
672 1752 785 1809 autem
810 1764 883 1808 non
907 1736 980 1808 fine

102 1853 273 1948 mysterio
299 1852 457 1949 gratuitae
482 1852 705 1939 vocationis,
742 1879 815 1947 quo
844 1857 979 1925 nullum

100 1969 297 2064 insignius,
326 1993 431 2064 quarn
457 1969 527 2038 hoc
554 1969 588 2039 in
613 1993 716 2041 eruce
743 1995 816 2039 esse
839 1969 979 2064 potuit,

101 2087 189 2158 dum
220 2111 312 2160 unus
338 2089 515 2156 latronum
539 2084 654 2155 subito
683 2082 817 2156 virtute·
843 2086 980 2172 crucis,

98 2201 214 2299 gratia
235 2201 391 2274 crucifixi
412 2228 602 2274 conversus
623 2188 807 2297 increpans
827 2202 979 2290 socium,

99 2314 285 2390 Christum
310 2339 411 2414 rogat
422 2345 434 2392 ε,
453 2327 607 2397 Memento
623 2329 700 2407 mei,
727 2346 795 2394 cum
812 2331 982 2395 veneriam

99 2463 227 2526 regnum
247 2446 361 2512 tuuml

164 2667 285 2742 Unde
307 2688 377 2743 tam
401 2671 517 2745 subito
542 2691 615 2746 tam·
637 2699 763 2771 magna
788 2671 917 2747 latroni
940 2673 981 2749 fi·

99 2789 198 2863 des?
222 2808 316 2860 tauta
342 2789 507 2876 felicitas,
536 2813 574 2864 ut
602 2817 682 2865 cum
706 2790 813 2864 Petro
839 2813 978 2891 aposto·

98 2909 220 2991 lorum-
252 2905 412 3002 principe
444 2907 639 3006 comparari
671 2930 799 3004 queat,
836 2935 878 2982 ac
907 2908 979 2981 dici

97 3021 241 3095 beatus:
269 3033 351 3115 Quia
374 3052 436 3096 nota·
452 3052 524 3093 euro
540 3045 571 3096 et
579 3033 712 3113 satagitis
731 3038 884 3099 revelavit
902 3039 977 3111 titi,

86 3147 153 3228 fid
175 3147 266 3209 Pater
290 3167 392 3224 meras,
412 3151 519 3230 quiin
541 3151 619 3211 culis
640 3164 686 3215 est
704 3139 752 3231 ὅ).
803 3125 898 3221 Ecce
920 3143 979 3212 ad·

96 3255 170 3326 huc
189 3254 341 3351 apostoli
361 3273 443 3351 post
459 3256 768 3345 resurrectionem,
788 3277 978 3353 antequam

97 3371 231 3470 Spiritu
264 3373 296 3444 S.
330 3371 635 3460 illuminarentur,
668 3375 767 3472 vulgi
802 3374 981 3470 opinione

97 3487 258 3574 detenti,
287 3488 467 3562 Christum
492 3491 562 3562 inm
589 3518 815 3566 ascensurum
846 3494 882 3570 in
910 3517 977 3564 coe·

95 3607 172 3677 lum
198 3604 439 3700 interrogant:
475 3616 508 3675 Si
533 3620 565 3676 in
595 3625 727 3700 'tempore
752 3620 808 3679 troc
837 3620 977 3682 restitues

95 3751 222 3808 regnum
243 3731 340 3792 Israel
362 3718 395 3808 c)
421 3722 459 3791 i'n
485 3722 583 3793 terris
607 3749 754 3819 nempe,
783 3725 880 3818 quod
903 3726 977 3819 spe·

96 3839 223 3910 rabant
248 3836 360 3909 Judaei
378 3837 501 3910 lolium
526 3837 648 3911 David
674 3820 900 3924 restituendi,
916 3839 975 3912 hic
1081 3831 1084 3839 ’

131 3981 163 4051 u)
172 3986 236 4040 Ine.
246 3983 366 4040 XXIII.
374 3997 418 4052 32.
468 3983 498 4055 b)
507 3984 607 4040 Macra.
619 3981 702 4043 XVI.
715 4003 755 4054 17.
806 3987 833 4056 e)
845 3988 903 4041 Act.
912 3986 978 4044 1.,6.
