2474 4568
314 258 460 369 266¹
584 228 871 339 ’·““·-“-·-·--··

170 430 285 519 ΟΜ
305 421 408 518 catus
429 439 517 516 fult:
543 440 765 537 ae‘denique
792 457 885 538 post
903 437 978 512 eius
1001 437 1038 511 ln
1066 443 1187 514 coelum
1225 493 1229 540 4

201 556 254 611 ⁰2·
310 587 505 635 ascensum.
564 558 648 632 Hoc
677 576 796 631 autem
823 558 1011 655 perspicue
1039 555 1189 629 ostendit

156 666 385 752 Q‘Wtum
419 679 530 774 prima
563 675 624 748 illa
662 675 895 764 morborum,
937 673 1188 771 spirituumque
1228 697 1229 700 ’

310 795 494 892 depulsio,
521 818 600 890 quae
628 791 761 865 scilicet
785 818 861 866 non
887 791 1023 887 absque
1050 789 1190 888 Spiritus
1225 845 1229 887 Ι

310 911 459 986 numine
479 911 607 997 fiebat3
635 928 711 982 tum
734 909 793 981 illa
815 927 900 1006 post
925 904 1128 981 confectum
1149 908 1191 979 la
1226 960 1229 1004 p

308 1029 392 1103 lutis
419 1047 549 1100 nostrae
578 1026 760 1121 negotium
787 1024 1003 1113 insufflatio,
1038 1049 1119 1120 quae
1145 1022 1189 1096 di·
1228 1050 1229 1119 3

308 1143 455 1219 vinioris
476 1147 603 1241 procul
624 1142 737 1216 dubio
757 1142 998 1241 inspirationis
1016 1139 1190 1239 specimen

308 1255 484 1350 habebam
509 1281 585 1345 tum
605 1281 786 1358 postremo
807 1284 962 1359 praesens
980 1261 1058 1344 haec
1080 1258 1191 1355 ignea·

308 1403 387 1450 rum
410 1377 610 1473 linguarum
634 1377 784 1465 divisio,
810 1405 916 1475 quarn
938 1373 1089 1450 solemni
1105 1375 1190 1449 festo

309 1495 540 1570 selebramus.
558 1497 580 1534 “
659 1494 780 1588 Quem
810 1495 964 1592 primum
993 1496 1190 1585 sermonem

307 1629 395 1708 post
416 1630 602 1708 acceptum
627 1610 795 1708 Spiritum
821 1613 980 1686 sanctum
1005 1611 1053 1686 ad
1078 1634 1190 1708 popu·

176 1810 178 1816 ,
306 1732 382 1800 lum
409 1728 595 1801 Judaicum
620 1727 703 1801 Act.
731 1729 776 1800 ΙΙ.
805 1754 863 1804 22.
888 1747 955 1802 etc.
980 1726 1110 1802 habuit
1135 1726 1192 1800 Pe·

199 1893 201 1897 >
306 1862 381 1916 trus
405 1847 609 1939 apostolus,
636 1843 666 1917 is
689 1870 731 1917 ea
755 1845 876 1918 omnia
895 1845 932 1917 in
954 1870 991 1918 se
1014 1843 1192 1930 continet,

306 1985 386 2056 quae
409 1961 466 2036 hic
488 1987 508 2034 a
529 1950 678 2035 ¹Christo
706 1962 751 2035 de
776 1961 905 2060 Spiritu
929 1963 1052 2036 sancto
1076 1960 1194 2036 dicun·

305 2096 386 2152 tur:
422 2079 592 2174 primum,
625 2103 734 2166 arguet
755 2091 902 2154 mundum
923 2089 959 2151 de
978 2085 1138 2171 peccato,'
1157 2096 1194 2151 ut

305 2221 376 2292 pert
401 2223 441 2267 os
469 2196 565 2269 Petri
591 2198 631 2270 fit
657 2197 784 2270 Judaeis
813 2195 1088 2294 exprobrantis:
1133 2205 1194 2266 Viri

305 2321 470 2384 Israelita!
497 2324 604 2384 audite
626 2323 722 2386 verba
744 2324 823 2385 hac:
850 2323 957 2396 Jesum
986 2322 1192 2398 Nazarenum,
1227 2406 1229 2413 Ι

305 2441 411 2500 uirum
428 2439 596 2518 probatum
618 2458 639 2500 a
662 2439 729 2502 Deo
754 2443 786 2502 in
806 2441 916 2516 vobis,
942 2439 1140 2516 uirtutibus,
1165 2450 1198 2502 et*¹
1226 2421 1229 2429 ¹

301 2543 474 2637 prodigiis,
504 2570 534 2617 et
549 2553 669 2633 figeris,
697 2573 761 2639 quc
772 2556 854 2633 fecit
875 2556 959 2619 Deus
974 2574 1034 2636 per
1055 2555 1143 2618 idum
1162 2558 1191 2616 in

205 2723 207 2726 Α
302 2672 547 2747 mediocrum,
573 2668 657 2746 ficut
686 2684 717 2734 et
740 2691 797 2734 vos
808 2670 925 2751 scitis,
960 2673 1040 2736 liunt
1066 2671 1188 2751 definito

303 2787 429 2852 consilio
452 2801 482 2847 et
498 2790 692 2866 prescientia
715 2787 774 2853 Dei
802 2791 976 2867 traditum,
997 2809 1056 2871 per
1083 2807 1187 2852 munus

303 2895 481 2984 iniquorum
499 2902 664 2981 affligentes
680 2908 884 2968 interemistis.
926 2899 982 2969 En
1003 2916 1185 2994 peccatum

302 3008 529 3099 Judaeorum,
558 3013 602 3084 de
631 3039 704 3108 quo
732 3039 793 3084 eos
822 3012 966 3110 Spiritus
992 3013 1023 3085 S.
1056 3015 1183 3112 arguit:

301 3137 387 3222 Quia
410 3155 468 3200 non
492 3141 684 3204 crediderunt
709 3146 740 3202 in
766 3159 835 3218 me,
871 3158 937 3203 nec
961 3147 1183 3226 agnoverunt

299 3244 502 3325 Messinm:
540 3249 802 3322 convincuntur
836 3270 976 3334 autem,
1013 3268 1181 3344 quantum

298 3359 337 3431 in
352 3363 423 3435 hoc
436 3385 620 3458 peccatum
641 3365 898 3438 commiserint:
923 3377 1096 3438 certissime
1100 3373 1181 3453 sciat

299 3506 389 3565 ergo,
416 3499 456 3550 ut
480 3480 604 3552 Petrus
628 3483 827 3553 sermonem
848 3482 947 3554 suum
971 3481 1177 3578 concludit,

297 3608 395 3666 omnis
426 3606 534 3668 domus
565 3609 682 3684 lsrael,
720 3610 797 3690 quia
828 3622 859 3672 et
888 3609 1055 3671 Dominum
1090 3627 1178 3684 eum,

299 3723 451 3784 utriscum
460 3723 543 3800 ficit
564 3723 667 3803 Deus,
688 3725 768 3787 lrurrc
784 3726 908 3804 Jemm,
931 3746 1019 3809 quem
1040 3746 1100 3789 vos
1117 3743 1179 3789 cru·

292 3836 445 3917 ciflxistis.
483 3840 540 3903 His
563 3856 669 3923 utitem
688 3845 806 3905 crinitis
831 3847 1003 3922 compuncti
1015 3842 1099 3920 sttnt
1123 3855 1175 3906 etc.

234 4040 238 4048 Ι
294 3956 340 4020 De
368 3958 493 4020 iustitia
511 3932 623 4065 (veros
645 3950 745 4046 quod
776 3967 828 4020 est
854 3949 1073 4040 secundum,
1101 3963 1174 4045 quia
