2474 4568
882 306 927 377 33

54 433 222 534 loquitur.
242 433 336 516 ',Ne
357 433 452 506 enim
473 434 715 524 turbarentur,
737 436 932 534 cogitantes
956 435 1074 512 clm

53 577 137 630 tunc
167 555 269 627 illum
297 549 456 627 occisum
483 577 582 639 esse,
619 578 699 625 cum
729 535 853 650 gentes
879 579 933 627 ac·
969 556 1067 616 cxlv.

54 671 254 757 cesserint,
292 666 402 742 dicit:
442 667 525 741 Hoc
562 668 658 764 ipsos
696 670 850 742 maxime
889 665 1090 744 ade

53 786 304 862 accedendum
341 783 502 871 inducit,
541 778 613 857 hoc
649 786 938 882 praedicationem
1021 826 1028 833 ·

52 931 170 978 meam
204 896 360 999 augebit
423 896 572 973 Deinde
606 901 688 997 quia
718 896 942 978 sermonibus

15 1031 17 1039 ’
53 1021 205 1095 nonita
233 1012 494 1116 persuadebat,
531 1012 942 1117 arerum'experientia

53 1139 154 1237 ipsos
180 1136 290 1211 allicit
312 1134 460 1208 dicens:
483 1133 525 1205 In
550 1134 830 1211 frumento'hoc
852 1131 941 1211 acci·

56 1257 135 1344 dit,
172 1273 213 1328 ut
232 1272 412 1326 mortuum
433 1249 603 1325 maiorem
628 1253 783 1327 fructum
806 1247 938 1329 afferat.

57 1373 90 1448 si
112 1374 186 1444 hoc
208 1369 248 1442 in
270 1365 479 1455 seminibus,
506 1369 622 1441 multo¹
646 1369 757 1467 magis
780 1368 818 1442 in
842 1373 942 1446 me.“

56 1489 205 1586 Nempe
229 1505 270 1561 ut
293 1484 416 1584 paucis
439 1484 476 1556 in
501 1479 536 1559 h.
561 1483 584 1556 l.
606 1504 692 1580 post
715 1485 748 1558 S.
773 1485 945 1584 Augusti·

56 1632 148 1680 num
176 1604 246 1706 Tr,
274 1623 334 1705 5¹:
361 1597 399 1675 in
423 1601 596 1674 loannem
623 1600 717 1674 Vem-
744 1603 844 1679 Beda
866 1620 944 1680 rem¹

52 1724 219 1796 declarat
247 1717 309 1812 o):
344 1719 419 1807 „Se
441 1716 585 1791 dicebat
607 1717 723 1817 ipsum
751 1744 829 1793 esse
850 1749 945 1796 mor<

57 1839 293 1925 tificandum,
320 1856 356 1909 et
374 1830 705 1933 multiplicandum:
733 1832 947 1915 mortificans
1061 1876 1064 1885 ·

60 1958 149 2030 dum
186 1948 398 2055 infidelitate
434 1946 669 2040 Judaeorum3
712 1950 948 2052 multiplican-

62 2070 149 2146 dum
188 2067 262 2146 fide
302 2071 464 2143 omnium·
500 2067 729 2167 populorum.
744 2074 768 2109 ‘⁶
834 2069 884 2142 Et
913 2072 948 2143 Si

61 2189 268 2263 Bernardus
299 2185 362 2276 ωε
405 2183 592 2260 Moriatur
626 2185 733 2281 igitur
769 2211 952 2282 granum,

59 2308 183 2403 surgat
207 2302 367 2402 gentium
389 2297 500 2400 segete
563 2301 722 2397 Oportet
745 2303 821 2399 pati
850 2304 954 2375 Chri·

63 2443 184 2510 stum,
209 2442 245 2494 et
264 2444 448 2517 resurgere
471 2416 683 2507 amortuis,
711 2439 747 2490 et
765 2420 954 2517 praedicari

62 2539 101 2612 in
128 2534 278 2612 nomine
306 2537 382 2610 eius
411 2529 677 2635 poenitentiam,
715 2555 751 2608 et
775 2529 956 2610 remissio-

65 2684 152 2730 nem
179 2673 434 2753 peccatorum,
467 2674 543 2726 non·
569 2653 684 2726 folum
708 2652 745 2725 in
770 2650 952 2744 Judaeam,
1051 2742 1054 2748 ‚

64 2774 129 2848 {ed
158 2772 264 2846 etiam
287 2770 326 2843 in·
349 2791 477 2843 omnes
501 2791 636 2866 gentes.
646 2773 669 2809 “
727 2770 879 2851 Fructus
904 2771 956 2844 di«

65 2889 144 2964 vini
172 2884 278 2963 huius
300 2886 401 2984 grani
424 2883 614 2974 frumenti,
650 2902 689 2959 ut
707 2881 860 2986 seipsum
884 2915 958 2964 mas

72 3007 182 3104 gister
214 3000 420 3080 humilitatis
454 3001 505 3075 in·
527 3029 571 3076 eo
604 3025 791 3079 momento
824 3024 957 3100 vocat,

73 3146 150 3221 quo
187 3141 261 3196 erat
296 3115 564 3194 mortificandus·
598 3122 958 3221 exinaniendusque,

10 3286 12 3293 ·
71 3234 188 3314 statim
210 3264 248 3312 se·
273 3232 437 3325 exeruit,
461 3233 546 3308 dum
574 3256 643 3307 tam
664 3229 783 3308 subito
808 3235 960 3335 augeba

10 3358 16 3407 t
74 3346 135 3431 tui
156 3353 378 3432 credentium
399 3352 438 3425 in
461 3351 628 3426 Domino
651 3350 844 3428 multitudo
864 3357 959 3430 viro·

10 3410 26 3565 i,
77 3498 154 3547 rum
179 3467 452 3558 aemulemur,
479 3489 519 3570 ut
542 3471 844 3568 quemadmodum
864 3472 961 3547 Acta

80 3591 343 3690 Apostolorum
364 3588 526 3688 produnt
548 3584 603 3679 c),
629 3578 759 3685 passim
782 3587 961 3679 millenus,

115 3765 146 3839 a)
176 3770 208 3827 T.
232 3762 265 3825 Vss
282 3782 311 3838 pt
330 3783 392 3835 559.-
475 3757 509 3836 bl
532 3761 614 3820 S'erm‘.
635 3759 701 3822 XV.
720 3768 751 3822 in
767 3769 868 3828 cantico
884 3782 912 3825 n.
930 3771 960 3836 m

149 3838 404 3907 T.IV.p.1310‹
486 3833 761 3908 ementem

31 4012 35 4025 ,
62 3935 64 3939 ”
131 3936 244 4015 Tou.
272 3933 337 4009 111.
644 3930 683 4008 <2
