2474 4568
421 281 653 348 Ξ..“““..--“““
929 271 973 380 [3

93 455 249 518 bibiturus
260 449 355 530 snm?
380 441 422 513 In
440 439 561 513 Codd.
577 438 709 512 Graecis
727 435 858 535 legitur.
873 439 976 513 enam
1003 439 1119 509 Ctesi·

96 524 442 659 apud'sivtatthaeum
461 558 525 646 jd,
552 557 651 652 quod
682 558 779 653 apud
808 557 978 631 Marcum
1032 565 1090 623 CX·
1220 633 1223 642 ,

98 679 243 779 additnr
266 676 458 749 his.verbis
478 671 538 764 a):
566 683 699 746 Potestis
719 683 818 746 bibere
839 677 1136 764 camena-ew.

99 824 191 890 qoem
225 823 279 880 ego
313 804 403 878 bibo,
439 813 498 864 aut
525 800 698 882 baptismo,
734 820 794 882 quo
828 819 882 878 ego
908 801 984 883 bap·

101 925 205 999 tizan,
246 920 430 1001 baptizari?
466 910 515 982 Et
544 934 660 987 mox:
704 919 833 982 Calicem
862 921 986 1002 quidem

98 1058 189 1122 quem
214 1040 376 1114 egobino,
409 1037 517 1099 bibetis
529 1067 541 1111 ,-
579 1048 609 1100 et
633 1037 809 1116 baptismo,
844 1055 918 1119 quo.
931 1056 986 1114 ego

98 1156 268 1234 baptizor,
306 1154 553 1234 baptizabimini.
617 1142 679 1214 De
713 1169 788 1240 quo
822 1143 987 1219 Christus

101 1262 182 1334 alibi
211 1258 270 1349 b):
311 1273 470 1352 Baptismo
500 1269 723 1341 aeternitaten
748 1271 929 1353 baptizari.-
956 1285 988 1336 et

100 1392 255 1474 quomodo
280 1402 441 1466 coarctor,
470 1386 657 1480 usquedum
673 1385 885 1468 perficiatis?
910 1378 987 1464 Πῶς

102 1483 294 1596 συνέχομαι
328 1498 426 1568 iuxta
467 1516 604 1568 textum
638 1494 870 1590 originalem,
909 1523 985 1594 quo

103 1615 275 1709 angustiae
295 1612 552 1708 fignificantur‚
579 1639 666 1708 quas
687 1613 840 1685 maxime
864 1641 987 1711 exper-

103 1751 160 1804 tus
190 1752 241 1802 est
268 1730 302 1800 in
332 1731 458 1816 horto,
495 1728 557 1802 ubi
588 1730 619 1801 ei
651 1731 815 1803 sudorem
847 1731 989 1828 sangui·

103 1851 229 1921 neum
243 1849 514 1943 expresserunt,
541 1847 752 1944 rogavitque
780 1869 845 1922 tcr·
857 1835 989 1921 institn-

93 1985 181 2037 ter:
213 1975 331 2049 Pater,
358 1977 385 2035 si
404 1975 551 2054 passibile
568 1987 640 2052 est,
664 1988 805 2039 transeat
825 1995 846 2038 a
867 1997 916 2040 me
939 1996 990 2040 ca·
1022 1960 1031 1975 ¹

104 2094 152 2154 iix
169 2095 247 2166 iste‚·
266 2081 427 2176 quivero
441 2081 610 2167 mittatix·
626 2083 714 2155 novi
731 2084 931 2155 testamenti
951 2084 991 2156 in
1055 2100 1059 2108 '

106 2201 171 2272 suo
194 2198 386 2294 sanguine:
415 2197 522 2271 Unde
550 2202 732 2295 apostolus¹
758 2202 994 2296 comparatio·

73 2374 76 2379 .
105 2340 202 2389 nem·
224 2315 411 2388 instituens
440 2315 547 2388 novi.
565 2336 600 2397 et
631 2317 767 2389 veteris'
792 2317 994 2391 testamenti

109 2432 146 2504 in
166 2433 338 2527 sanguine
357 2427 537 2504 hircorum
558 2452 592 2506 et
605 2452 790 2520 taurorum
809 2435 854 2505 ad
866 2432 995 2508 semun-

110 2549 293 2621 dationem
319 2549 431 2637 carnis
457 2544 513 2639 c):
555 2532 680 2643 Quanto
702 2564 824 2637 magis,
851 2535 994 2647 inquit,
1012 2589 1015 2596 ·

97 2675 234 2756 sangnis
269 2677 401 2752 Christi,
441 2680 497 2759 qni
524 2695 579 2758 per
610 2676 759 2757 Spiritum
775 2676 924 2757 sanctum
942 2679 997 2758 se-

109 2794 277 2873 metipsum
302 2793 414 2854 obtulit
441 2794 676 2855 immaculatum
703 2791 791 2873 Deo,
819 2797 998 2859 emundabit
1031 2798 1036 2809 '

112 2911 331 2972 conscientiam
361 2921 497 2970 nostram
529 2911 568 2972 ab
602 2911 741 2991 operibns
768 2915 920 2991 mortuis,
955 2915 1001 2976 ad

104 3026 306 3107 serviendum
336 3025 400 3088 Deo
428 3027 576 3090 viventi?
625 3027 663 3089 Et
691 3027 759 3089 irieo
796 3032 876 3090 novi-
904 3042 999 3093 testa·

116 3146 211 3205 menti
240 3129 393 3204 mediator
422 3121 490 3220 est,-
519 3119 571 3205 snt
586 3157 684 3206 morte
708 3136 930 3220 intercedente.
965 3152 999 3214 in

117 3261 331 3323 redemtionem
356 3277 461 3320 earnm
480 3263 793 3340 prevaricationem,
820 3279 884 3343 que
911 3277 1003 3328 erant
1111 3309 1113 3314 .

109 3377 295 3458 subpriori
322 3389 524 3455 testamento,
547 3379 807 3463 repromissionem
833 3382 1000 3462 neemiam,

122 3498 175 3576 qni
199 3495 308 3556 vocati
331 3491 411 3572 sunt
436 3506 547 3556 eterna
571 3494 769 3558 hereditatis.
846 3485 908 3558 De
934 3489 1001 3562 hac

123 3600 323 3673 haereditate
357 3600 394 3672 in
432 3627 545 3696 regno
581 3598 655 3675 Dei
691 3600 853 3675 Christus
889 3605 1001 3678 dicit:

126 3727 227 3790 Sedere
253 3737 358 3789 antem
384 3728 426 3788 ad
452 3727 611 3791 dexteram
643 3747 743 3792 meam
768 3731 822 3792 ael
841 3725 1005 3806 finistram

468 3826 472 3859 i

159 3893 189 3969 e)
212 3899 302 3954 Marc.
330 3897 366 3952 X.
391 3907 435 3966 38.
463 3868 505 3966 zo.
613 3896 644 3968 i)
667 3898 730 3957 Luc.
760 3898 832 3955 XII.
859 3913 901 3966 50.

192 3972 219 4048 c)
238 3977 318 4033 Hebe.
337 3976 394 4033 IX.
416 3988 458 4045 13.
476 3987 528 4034 etri
872 4030 876 4038 ,
